%---------------------------------------------------------------------
%----------------------------MAIN PUBS-------------------------------------
@inproceedings{Wilk2012,
	author = {Wilk, Stefan and Kopf, Stephan and Effelsberg, Wolfgang},
	booktitle = {Proceedings of the IEEE Workshop on the Applications of Computer Vision},
	%pages = {105--110},
	title = {{Robust Tracking for Interactive Social Video}},
	year = {2012},
		keywords = {MAIN}
}

@inproceedings{Wilk2013,
	author = {Wilk, Stefan and Effelsberg, Wolfgang},
	title = {{Crowdsourced Evaluation of the Perceived Viewing Quality in User-generated Video}},
	booktitle = {Proceedings of the ACM International Workshop on Crowdsourcing for Multimedia},
	year = {2013},
%	pages = {35--36},
	keywords = {MAIN}
} 
@inproceedings{Wilk2013c,
  title={Social Video: A Collaborative Video Annotation Environment to Support e-Learning},
  author={Wilk, Stefan and Kopf, Stephan and Effelsberg, Wolfgang},
  booktitle={AACE Proceedings of World Conference on Educational Multimedia, Hypermedia and Telecommunications},
  year={2013},
  	keywords = {MAIN}
}
@inproceedings{Wilk2014,
	author = {Wilk, Stefan and Effelsberg, Wolfgang},
	booktitle = {Proceedings of the IEEE International Conference on Multimedia and Expo},
%	pages = {1--6},
	title = {{The Influence of Camera Shakes, Harmful Occlusions and Camera Misalignment on the Perceived Quality in User-generated Video}},
	year = {2014},
	keywords = {MAIN}
}
@inproceedings{Wilk2014b,
	author = {Wilk, Stefan and Effelsberg, Wolfgang},
	booktitle = {Proceedings of the ACM International Conference on Multimedia},
%	pages = {1--4},
	title = {{Systematic Assessment of the Video Recording Position for User-generated Event Videos}},
	year = {2014},
	keywords = {MAIN}
}
@inproceedings{Wilk2014c,
	author = {Wilk, Stefan and Effelsberg, Wolfgang},
	booktitle = {Proceedings of the ACM International Conference on Multimedia},
%	pages = {643--646},
	title = {{Mobile Video Broadcasting Services - Combining Video Composition and Network Efficient Transmission}},
	year = {2014},
		keywords = {MAIN}
}

@inproceedings{Wilk2015,
	author = {Wilk, Stefan and Stohr, Denny and Effelsberg, Wolfgang},
	booktitle = {{Proceedings of the ACM Network and Operating System Support for Digital Audio and Video Workshop}},
	title = {{VAS: A Video Adaptation Service to Support Mobile Video}},
	year = {2015},
	keywords = {MAIN}
}
@inproceedings{Wilk2015b,
	author = {Wilk, Stefan and Sch{\"{o}}nherr, Sophie and Stohr, Denny and Effelsberg, Wolfgang},
	booktitle = {Proceedings of the ACM International Conference on Interactive Experiences for TV and Online Video},
%	organization = {ACM},
%	pages = {113--118},
	title = {{EnvDASH: An Environment-aware Dynamic Adaptive Streaming over HTTP System}},
	year = {2015},
		keywords = {MAIN}
}

@INPROCEEDINGS{Wilk2015c, 
	author={Wilk, Stefan and Kopf, Stephan and Effelsberg, Wolfgang}, 
	booktitle={{Proceedings of the ACM International Conference on Multimedia Systems}}, 
	title={Video Composition in the Crowd: A System to Compose User-Generated Videos in Near Real-Time}, 
	year={2015},
	keywords = {MAIN}
}

@article{Wilk2015Demo,
	title={{Efficient Video Streaming through Seamless Transitions Between Unicast and Broadcast}},
	author={Wilk, Stefan and R{\"u}ckert, Julius and Stohr, Denny and Richerzhagen, Bj{\"o}rn and Effelsberg, Wolfgang},
	journal={{Proceedings of the IEEE Conference on Networked Systems}},
%	pages={1--2},
	year={2015},
	keywords = {MAIN},
}

@inproceedings{Wilk2015d,
	author = {Wilk, Stefan and Wulffert, Dimitri and Effelsberg, Wolfgang},
	booktitle = {Proceedings of the IEEE International Symposium on Multimedia},
	keywords = {MAIN},
	title = {{On Motivating Mobile Live Video Broadcasting}},
	year = {2015}
}
@inproceedings{Wilk2015e,
	author = {Wilk, Stefan and R{\"u}ckert, Julius and Thr{\"a}m, Timo and Koch, Christian and Effelsberg, Wolfgang and Hausheer, David},
	booktitle = {Proceedings of the International Conference on Networked Systems},
	title = {{The Potential of Social-aware Multimedia Prefetching on Mobile Devices}},
	year = {2015},
	keywords = {MAIN}
}

@article{Wilk2016,
	author = {Wilk, Stefan and Kopf, Stephan and Effelsberg, Wolfgang},
	journal = {{ACM Transactions on Multimedia Computing, Communications, and Applications}},
	number = {3},
	pages = {45:1--45:23},
	title = {{Collaborative Annotation of Videos Relying on Weak Consistency}},
	volume = {12},
	year = {2016},
	keywords = {MAIN}
}
@article{Wilk2016b,
	author = {Wilk, Stefan and Stohr, Denny and Effelsberg, Wolfgang},
	journal = {ACM Transactions on Multimedia Computing, Communications, and Applications},
	keywords = {MAIN},
	number = {5s},
	pages = {82:1--82:23},
	title = {{A Content-aware Video Adaptation Service to Support Mobile Video}},
		volume = {12},
	year = {2016}
}
@inproceedings{Wilk2016c,
	author = {Wilk, Stefan and Effelsberg, Wolfgang},
	booktitle = {{Proceedings of the ACM International Conference on Multimedia Systems}},
%	pages = {1--4},
	title = {{The Content-aware Video Adaptation Service for Mobile Devices}},
	year = {2016},
	keywords = {MAIN}
}
@inproceedings{Wilk2016d,
	author = {Wilk, Stefan and Schreiber, Dominik and Stohr, Denny and Effelsberg, Wolfgang},
	booktitle = {Proceedings of the IEEE International Consumer Communications and Networking Conference},
	keywords = {MAIN},
	title = {{On the Effectiveness of Video Prefetching Relying on Recommender Systems for Mobile Devices}},
	year = {2016}
}
@inproceedings{Wilk2016e,
  title={Scalable Mobile Quality Assessment for User-generated Video},
  author={Wilk, Stefan and B{\"a}hr, Timo and Effelsberg, Wolfgang},
  booktitle = {Proceedings of the IEEE International Conference on Multimedia and Expo},
  keywords = {MAIN},
  year = {2016}
}
@inproceedings{Wilk2016f,
  title={Leveraging Transitions for the Upload of User-generated Mobile Video},
  author={Wilk, Stefan and Zimmermann, Roger and Effelsberg, Wolfgang},
  booktitle={Proceedings of the ACM International Workshop on Mobile Video},
%  pages={5},
  year={2016},
   keywords = {MAIN},
%  organization={ACM}
}
@inproceedings{Wilk2016g,
  title={{One Sensor is not Enough: Adapting and Fusing Sensors for the Quality Assessment of User Generated Video}},
  author={Wilk, Stefan and Luthra, Manisha and Effelsberg, Wolfgang},
  booktitle={Proceedings of the ACM International Conference on Multimedia},
%  pages={5},
  year={2016},
   keywords = {MAIN},
%  organization={ACM}
}
%@inproceedings{Wilk2017,
%  title={Effcient H.265/SHVC Real-Time Transcoding for Mobile Video Streaming Clients},
%  author={Wilk, Stefan and Beji, Fares and Fasil, Mousie and Effelsberg, Wolfgang},
%  booktitle={Proceedings of the International Conference on Multimedia Modeling},
%  year={2017},
%   keywords = {MAIN},
%}
%---------------------------- Secondary PUBS ...................................................
@inproceedings{Kopf2012,
	author = {Kopf, Stephan and Wilk, Stefan and Effelsberg, Wolfgang},
	booktitle = {Proceedings of the IEEE International Conference on Multimedia and Expo},
	%pages = {681--686},
%	publisher = {IEEE},
	keywords = {SECONDARY},
	title = {{Bringing Videos to Social Media}},
	year = {2012}
}

@inproceedings{Richerzhagen2014,
	author = {Richerzhagen, Bj{\"{o}rn} and Wilk, Stefan and R{\"{u}}ckert, Julius and Stohr, Denny and Effelsberg, Wolfgang},
	booktitle = {{Proceedings of the ACM Workshop on Design, Quality and Deployment of Adaptive Video Streaming}},
%	pages = {37--38},
	title = {{Transitions in Live Video Streaming Services}},
	year = {2014},
	keywords = {SECONDARY}
}
@inproceedings{Stohr2014,
	author = {Stohr, Denny and Wilk, Stefan and Effelsberg, Wolfgang},
	booktitle = {Proceedings of the ACM International Workshop on Internet-Scale Multimedia Management},
%	pages = {39--42},
	title = {{Monitoring of User Generated Video Broadcasting Services}},
	year = {2014},
	keywords = {SECONDARY},
}
@inproceedings{Fasil2015,
	author = {Fasil, Mousie and Al-Shatri, Hussein and Wilk, Stefan and Klein, Anja},
	booktitle = {Proceedings of the IEEE Annual International Symposium on Personal, Indoor, and Mobile Radio Communications},
%	pages = {1088--1093},
	title = {{Application-aware Cross-layer Framework: Video Content Distribution in Wireless Multihop Networks}},
	year = {2015},
	keywords = {SECONDARY}
}
@INPROCEEDINGS{Paul2015, 
	author={Paul, Thomas and Puscher, Daniel and Wilk, Stefan and Strufe, Thorsten}, 
	booktitle={Proceedings of the IEEE International Conference on Consumer Communications and Networking Conference}, 
	title={{Systematic, Large-scale Analysis on the Feasibility of Media Prefetching in Online Social Networks}}, 
	year={2015},
	keywords = {SECONDARY}
}
@INPROCEEDINGS{Stohr2015, 
	author={Stohr, Denny and Li, Tao and Wilk, Stefan and Santini Silvia and Effelsberg, Wolfgang}, 
	booktitle={Proceedings of the IEEE Workshop on Network Measurements}, 
	title={{An Analysis of the YouNow Live Streaming Platform}}, 
	year={2015},
	keywords = {SECONDARY}
}
@inproceedings{Koch2015,
	author = {Koch, Christian and Bui, Nicola and R{\"{u}}ckert, Julius and Fioravantti, Guido and Michelinakis, Foivos and Wilk, Stefan and Widmer, J{\"o}rg and Hausheer, David},
	booktitle = {Proceedings of the ACM Multimedia Systems Conference},
%	pages = {85--88},
	title = {{Demo: Media Download Optimization through Prefetching and Resource Allocation in Mobile Networks}},
	year = {2015},
	keywords = {SECONDARY},
}
@inproceedings{Schulz2015,
	author = {Schulz, Matthias and Stohr, Denny and Wilk, Stefan and Rudolph, Benedikt and Effelsberg, Wolfgang and Hollick, Matthias},
	booktitle = {Proceedings of the IEEE International Conference on Networked Systems},
	title = {{APP and PHY in Harmony: A Framework enabling Flexible Physical Layer Processing to Address Application Requirements}},
	year = {2015},
	keywords = {SECONDARY}
}

@inproceedings{Wichtlhuber2016,
	author = {Wichtlhuber, Matthias and Wicklein, Gregor and Wilk, Stefan and Effelsberg, Wolfgang and Hausheer, David},
	booktitle = {Proceedings of the ACM Multimedia Systems Conference},
	keywords = {SECONDARY},
%	pages = {Article No. 20},
	title = {{RT-VQM: Real-Time Video Quality Assessment for Adaptive Video Streaming Using GPUs}},
	year = {2016}
}
@inproceedings{Stohr2016,
	author = {Stohr, Denny and Wilk, Stefan and Toteva, Iva and Effelsberg, Wolfgang and Steinmetz, Ralf},
	booktitle = {Proceedings of the IEEE International Symposium on Multimedia},
%	pages = {1--6},
	title = {{Context not Content: A Novel Approach to Real-Time User-Generated Video Composition}},
	year = {2016},
		keywords = {SECONDARY},
}
@inproceedings{Stein2016,
	author = {Stein, Michael and Kluge, Roland and Mirizzi, Dario and Wilk, Stefan and Sch{\"{u}}rr, Andy and M{\"{u}}hlh{\"{a}}user, Max},
	booktitle = {Proceedings of the IEEE International Conference on Pervasive Computing and Communications},
	keywords = {SECONDARY},
	title = {{Transitions on Multiple Layers for Scalable, Energy-Efficient and Robust Wireless Video Streaming}},
	year = {2016}
}
@article{Ghori2016,
  title={Video Based Ambient Smoke Detection By Detecting Directional Contrast Decrease},
  author={Ghori, Omair and Stadler, Anton and Wilk, Stefan and Effelsberg, Wolfgang},
  journal={World Academy of Science, Engineering and Technology, International Journal of Computer, Electrical, Automation, Control and Information Engineering},
  volume={10},
  number={9},
  pages={1450--1455},
  year={2016},
  	keywords = {SECONDARY},
}

@inproceedings{Fasil2016,
	author = {Fasil, Mousie and Al-Shatri, Hussein and Wilk, Stefan and Klein, Anja},
	booktitle = {Proceedings of the IEEE International Vehicular Technology Conference},
	keywords = {SECONDARY},
	title = {{A Network-Centric View on DASH in Wireless Multihop Networks}},
	year = {2016}
}
%---------------------------------------------------------------------

% -------------------- Mobile Upload of Video -------------------------
@techreport{RTMP2009,
	author = {{Adobe Inc.}},
	title = {{Real-Time Messaging Protocol (RTMP) 1.0}},
	year = {2009},
	url     = {http://www.adobe.com/devnet/rtmp.html}, 
	urldate = {2016-09-20}, 
}
@article{ISOIECIEEEStandard99452009,
	author = {{IEEE Society}},
	pages = {3880},
	publisher = {IEEE},
	journal = {ISO/IEEE Standard},
	title = {{International Standard 9945 - Information Technology Portable Operating System Interface (POSIX) Base Specifications}},
	year = {2009}
}
@article{ITU-TH2652015,
	author = {{ITU-T}},
	journal = {ITU Recommendation},
	pages = {634},
		type = {ITU},
	title = {{H.265: High Efficiency Video Coding}},
	url = {https://www.itu.int/rec/T-REC-H.265},
	urldate = {2016-08-20},
	year = {2015}
}
@techreport{ITU2016,
	institution = {ITU-T},
	title = {{ICT Facts and Figures 2016}},
	url = {http://www.itu.int/en/ITU-D/Statistics/Documents/facts/ICTFactsFigures2016.pdf},
	urldate = {2016-08-20},
	year = {2016}
}
@article{Royer1999,
	author = {Royer, Elizabeth M. and Toh, Chai-Keong},
	journal = {IEEE Personal Communications},
	number = {2},
	pages = {46--55},
	publisher = {IEEE},
	title = {{A Review of Current Routing Protocols for Ad Hoc Mobile Wireless Networks}},
	volume = {6},
	year = {1999}
}

@article{ITU-TH2642016,
	author = {{ITU-T}},
	journal = {ITU Recommendation},
	pages = {807},
	publisher = {ITU},
	type = {ITU},
	title = {{H.264: Advanced Video Coding for Generic Audiovisual Services}},
	url = {http://www.itu.int/rec/T-REC-H.264-201602-I/en},
	urldate = {2016-08-20},
	year = {2016}
}
@article{ITU-P563,
	author = {{ITU-T}},
	journal = {ITU Recommendation},
	publisher = {ITU},
	type = {ITU},
	url = {https://www.itu.int/rec/T-REC-P.563/en},
	urldate = {2016-08-20},
	pages = {66},
	title = {{P.563: Single-ended Method for Objective Speech Quality Assessment in Narrow-band Telephony Applications }},
	year = {2004}
}
@article{ITU-P863,
	author = {{ITU-T}},
		journal = {ITU Recommendation},
		publisher = {ITU},
		type = {ITU},
		url = {https://www.itu.int/rec/T-REC-P.863},
		urldate = {2016-08-20},
	title = {{P.863: Perceptual Objective Listening Quality Assessment}},
	year = {2014}
}
@article{ITU-J2008,
	author = {{ITU-T}},
		journal = {ITU Recommendation},
		publisher = {ITU},
		type = {ITU},
		url = {https://www.itu.int/rec/T-REC-P.910-200804-I/en},
		urldate = {2016-08-20},
		pages = {42},
	title = {{P.910: Subjective Video Quality Assessment Methods}},
	year = {2008},
}
@article{ITU-R2012,
	author = {{ITU-T}},
		journal = {ITU Recommendation},
		publisher = {ITU},
		type = {ITU},
		url = {https://www.itu.int/rec/R-REC-BT.500},
		urldate = {2016-08-20},
	title = {{BT.500: Methodology for the Subjective Assessment of the Quality of Television Pictures}},
	year = {2012}
}
@article{ITU-J800,
	author = {{ITU-T}},
	journal = {ITU Recommendation},
	publisher = {ITU},
	type = {ITU},
	url = {https://www.itu.int/rec/T-REC-P.800-199608-I/en},
	urldate = {2016-08-20},
	pages = {37},
	title = {{P.800: Methods for Subjective Determination of Transmission Quality}},
	year = {1996}
}
@inproceedings{Richerzhagen2015,
	author = {Richerzhagen, Bj{\"{o}}rn and Stingl, Dominik and R{\"{u}}ckert, Julius and Steinmetz, Ralf},
	booktitle = {Proceedings of the EAI International Conference on Simulation Tools and Techniques},
%	pages = {1--6},
	title = {{Simonstrator: Simulation and Prototyping Platform for Distributed Mobile Applications}},
	year = {2015}
}
@techreport{qualitycrowd,
	author = {Horch, Clemens and Keimel, Christian and Diepold, Klaus},
	pages = {48},
	MONTH = {April},
	PUBLISHER = "{Technische Universit{\"a}t M{\"u}nchen}",
	title = {{QualityCrowd - Crowdsourcing for Subjective Video Quality Tests}},
	url = {https://mediatum.ub.tum.de/doc/1082600/1082600.pdf},
	urldate = {2016-08-20},
	year = {2011}
}
@techreport{rfc5905,
	author = {Burbank, Jack and Mills, David and Kasch, William},
	howpublished = {Internet Requests for Comments},
	type = {RFC},
	number = {5905},
	pages = {110},
	MONTH = {June},
	ISSN = {2070-1721},
	PUBLISHER = "{RFC Editor}",
	INSTITUTION = "{RFC Editor}",
	title = {{Network Time Protocol Version 4: Protocol and Algorithms Specification}},
	url = {https://tools.ietf.org/html/rfc5905},
	urldate = {2016-08-20},
	year = {2010}
}
@techreport{rfc7933,
	author = {Westphal, Cedric and Lederer, Stefan and Posch, Daniel and Timmerer, Christian and Azgin, Aytac and Liu, Will and M{\"u}ller, Christopher and Detti, Andrea and Corujo, Daniel and Jianping, Wang and Montpetit, Marie-Jose and Murray, Niall},
	howpublished = {Internet Requests for Comments},
	type = {RFC},
	number = {7933},
	pages = {40},
	MONTH = {June},
	ISSN = {2070-1721},
	PUBLISHER = "{RFC Editor}",
	INSTITUTION = "{RFC Editor}",
	title = {{Adaptive Video Streaming over Information-Centric Networking (ICN)}},
	url = {https://tools.ietf.org/html/rfc7933},
	urldate = {2016-10-20},
	year = {2016}
}
@techreport{hlsDraft,
	author = {Pantos, Roger and May, William},
	howpublished = {IETF Draft},
	type = {Internet Draft},
	pages = {58},
	MONTH = {May},
	ISSN = {2070-1721},
	PUBLISHER = "{IETF Draft Editor}",
	INSTITUTION = "{IETF Draft Editor}",
	title = {{HTTP Live Streaming}},
	url = {https://tools.ietf.org/html/draft-pantos-http-live-streaming-20},
	urldate = {2016-08-20},
	year = {2009}
}
@techreport{batmanDraft,
	author = {Neumann, Axel and Aichele, Corinna and Lindner, Marek and Wunderlich, Simon},
	howpublished = {IETF Draft},
	type = {Internet Draft},
	pages = {24},
	MONTH = {April},
	ISSN = {2070-1721},
	PUBLISHER = "{IETF Draft Editor}",
	INSTITUTION = "{IETF Draft Editor}",
	title = {{Better Approach To Mobile Ad-hoc Networking (B.A.T.M.A.N.)}},
	url = {https://tools.ietf.org/html/draft-wunderlich-openmesh-manet-routing-00},
	urldate = {2016-08-20},
	year = {2008}
}
@techreport{rfc2914,
	author = {Floyd, Sally},
	howpublished = {Internet Requests for Comments},
	type = {RFC},
	number = {2914},
	pages = {17},
	MONTH = {June},
	ISSN = {2070-1721},
	PUBLISHER = {RFC Editor},
	INSTITUTION = {RFC Editor},
	url = {https://tools.ietf.org/html/rfc2914},
	urldate = {2016-08-20},
	title = {{Congestion Control Principles}},
	year = {2010}
}

 @techreport{rfc7016,
   author = {Thornburgh, Michael C.},
   title = {{Adobe's Secure Real-Time Media Flow Protocol}},
   howpublished = {Internet Requests for Comments},
   type = {RFC},
   number = {7016},
   pages = {113},
   YEAR = {2013},
   MONTH = {November},
   ISSN = {2070-1721},
   PUBLISHER = "{RFC Editor}",
   INSTITUTION = "{RFC Editor}",
   URL={http://www.rfc-editor.org/rfc/rfc7016}
   }
@techreport{aodv,
  	author = {Perkins, Charles E. and Belding-Royer, Elizabeth and Das, Samir R.},
  	title = {{Ad hoc On-Demand Distance Vector (AODV) Routing}},
  	howpublished = {Internet Requests for Comments},
  	type = {RFC},
  	number = {3561},
  	pages = {37},
  	YEAR = {2003},
  	MONTH = {July},
  	ISSN = {2070-1721},
  	PUBLISHER = "{RFC Editor}",
  	INSTITUTION = "{RFC Editor}",
  	URL={http://www.rfc-editor.org/rfc/rfc3561}
}
@techreport{olsr,
	author = {Clausen, Thomas H. and Jacquet, Philippe},
	title = {{Optimized Link State Routing Protocol (OLSR)}},
	howpublished = {Internet Requests for Comments},
	type = {RFC},
	number = {3626},
	pages = {75},
	YEAR = {2003},
	MONTH = {October},
	ISSN = {2070-1721},
	PUBLISHER = "{RFC Editor}",
	INSTITUTION = "{RFC Editor}",
	URL={http://www.rfc-editor.org/rfc/rfc3626}
}
@article{ElEssaili2015,
	author = {{El Essaili}, Ali and Wang, Zibin and Steinbach, Eckehard and Zhou, Liang},
	journal = {ACM Transactions on Multimedia Computing, Communications, and Applications},
	number = {1},
	pages = {2:1--2:22},
	title = {{QoE-Based Cross-Layer Optimization for Uplink Video Transmission}},
	volume = {12},
	year = {2015}
}
@inproceedings{Oliveira2006,
	author = {Oliveira, Rodolfo and Bernardo, Luis and Pinto, Paulo},
	booktitle = {Proceedings of the IEEE International Symposium on Personal, Indoor and Mobile Radio Communications},
%	pages = {5},
	title = {{Performance Analysis of the IEEE 802.11 Distributed Coordination Function with Unicast and Broadcast Traffic}},
	year = {2006}
}
@inproceedings{Lohmar2006,
	author = {Lohmar, Thorsten and Horn, Uwe},
	booktitle = {Proceedings of the IEEE Conference on Local Computer Networks},
%	pages = {850--851},
	publisher = {IEEE},
	title = {{Hybrid Broadcast-Unicast distribution of Mobile TV over 3G Networks}},
	year = {2006}
}

@inproceedings{Dezfuli2013,
	author = {Niloofar Dezfuli and Jochen Huber and Elizabeth Churchill and Max	M{\"u}hlh{\"a}user},
	title = {CoStream: Co-construction of Shared Experiences through Mobile Live Video Sharing},
%	month = sep,
	year = {2013},
%	publisher = {British Computer Society},
	booktitle = {Proceedings of the BCS Conference on Human-Computer Interaction},
%	pages = {6},
}
@inproceedings{Dezfuli2012,
	author = {Dezfuli, Niloofar and Huber, Jochen and Olberding, Simon and M{\"{u}}hlh{\"{a}}user, Max},
	booktitle = {Proceedings of the ACM Extended Abstracts on Human Factors in Computing Systems Conference},
%	pages = {2477--2482},
	title = {{CoStream: In-situ Co-construction of Shared Experiences through Mobile Video Sharing during Live Events}},
	year = {2012}
}

@inproceedings{Froemmgen2015,
    author={Fr{\"o}mmgen, Alexander and Richerzhagen, Bj{\"o}rn and R{\"u}ckert, Julius and Hausheer, David and Steinmetz, Ralf and Buchmann, Alejandro},
    title={{Towards the Description and Execution of Transitions in Networked Systems}},
    booktitle={Proceedings of the IFIP WG 6.6 International Conference on Autonomous Infrastructure, Management, and Security},
    year={2015},
  %  location={Ghent, Belgium},
%   publisher={Springer International Publishing},
 %   pages={17--29},
}
@article{Gross2013,
	author = {Gro{\ss}, Christian and Stingl, Dominik and Effelsberg, Wolfgang and Steinmetz, Ralf},
	journal = {{Praxis der Informationsverarbeitung und Kommunikation}},
	pages = {65--66},
	number = {1},
	publisher = {Springer},
	title = {{Neuer DFG-Sonderforschungsbereich an der Technischen Universit{\"a}t Darmstadt}},
	volume = {36},
	year = {2013}
}
@inproceedings{Ito2014,
	author = {Ito, Kenta and Hirakawa, Go and Shibata, Yoshitaka},
	booktitle = {Proceedings of the IEEE International Conference on Advanced Information Networking and Applications},
	title = {{Omnidirectional Video and Sensor Data Collection and Distribution System on Challenged Communication Environment}},
%	pages = {627--632},
	year = {2014}
}
@inproceedings{Johansen2009,
	author = {Johansen, Dag and Johansen, Havard and Aarflot, Tjalve and Hurley, Joseph and Kvalnes, Age and Gurrin, Cathal and Zav, Sorin and Olstad, Bjorn and Aaberg, Erik and Endestab, Tore and Riiser, Haakon and Griwodz, Carsten and Halvorsen, Pal},
	booktitle = {Proceedings of the ACM International Conference on Multimedia},
	title = {{DAVVI: a Prototype for the Next Generation Multimedia Entertainment Platform}},
	year = {2009}
}
@inproceedings{Pires2015,
	author = {Pires, Karine and Simon, Gwendal},
	booktitle = {Proceedings of the ACM Multimedia Systems Conference},
	title = {{YouTube Live and Twitch}},
	year = {2015}
}
@inproceedings{Saini2013,
   author = {Saini, Mukesh K. and Venkatagiri, Seshadri and Ooi, Wei T. and Chan, Mun C.},
    booktitle = {Proceedings of the ACM Multimedia Systems Conference},
    title = {{The Jiku Mobile Video Dataset}},
    year = {2013}
}
@article{WLANStandard2010,
	institution = {ANSI/IEEE},
	journal = {ANSI/IEEE Standard 802.11},
	pages = {513},
%	publisher = {IEEE Standard 802.11},
	title = {{Wireless LAN Medium Access Control (MAC) and Physical Layer (PHY) Specifications}},
	year = {2003}
}

@inproceedings{Seo2012,
	author = {Seo, Beomjoo and Cui, Weiwei and Zimmermann, Roger},
	booktitle = {Proceedings of the ACM Multimedia Systems Conference},
	title = {{An Experimental Study of Video Uploading from Mobile Devices with HTTP Streaming}},
	year = {2012}
}
@inproceedings{Shrestha2010,
  author = {Shrestha, Prarthana and de With, Peter and Weda, Hans and Barbieri, Mauro and Aarts, Emile},
    booktitle = {Proceedings of the ACM International Conference on Multimedia},
    title = {{Automatic Mashup Generation from Multiple-camera Concert Recordings}},
    year = {2010}
}
@INPROCEEDINGS{Stingl2011, 
	author={Dominik Stingl and Christian Gross and Julius R{\"u}ckert and Leonard Nobach and Aleksandra Kovacevic and Ralf Steinmetz}, 
	booktitle={Proceedings of the International Conference on High Performance Computing and Simulation}, 
	title={{PeerfactSim.KOM: A Simulation Framework for Peer-to-Peer Systems}}, 
	year={2011}, 
}
@inproceedings{Stockhammer2011,
  Author	= {Stockhammer, Thomas},
  Title 	 	= {{Dynamic Adaptive Streaming over HTTP: Standards and Design Principles}},
  Booktitle 	= {Proceedings of the ACM Conference on Multimedia Systems},
  Year		= {2011}
 } 
@inproceedings{Zhang2015,
	author = {Zhang, Cong and Liu, Jiangchuan},
	booktitle = {Proceedings of the ACM Workshop on Network and Operating Systems Support for Digital Audio and Video},
	title = {{On Crowdsourced Interactive Live Streaming}},
%	pages = {55--60},
	year = {2015}
}
@inproceedings{Zhang2014,
	author = {Zhang, Lei and Wang, Feng and Liu, Jiangchuan},
	booktitle = {Proceedings of the ACM Workshop on Network and Operating Systems Support for Digital Audio and Video},
	title = {{Understand Instant Video Clip Sharing on Mobile Platforms}},
	year = {2014}
}
@inproceedings{Burleigh2013,
	author = {Scott Burleigh and Adrian Hooke and Leigh Torgerson and Kevin Fall and Vint Cerf and Bob Durst and Keith Scott and Howard Weiss},
	booktitle = {IEEE Communications Magazine},
	title = {{Delay Tolerant Networking: an Approach to Interplanetary Internet}},
	year = {2003},
	pages = {128--136},
	volume = {41},
	number = {6},
}
@inproceedings{Grafl2013,
	author={Michael Grafl and Christian Timmerer and Hermann Hellwagner and Wael Cherif and Adlen Ksentini}, 
	booktitle = {Proceedings of the IEEE International Symposium on a World of Wireless, Mobile and Multimedia Networks},
%	pages = {7},
	title = {{Evaluation of Hybrid Scalable Video Coding for HTTP-based Adaptive Media Streaming with High-definition Content}},
	year = {2013}
}
@inproceedings{Adhikari2012,
	author = {Adhikari, Vijay Kumar and  Guo, Yang and Hao, Fang and Varvello, Matteo and Hilt, Volker and Steiner, Moritz and Zhang, Zhi-Li},
	booktitle = {Proceedings of the IEEE International Conference on Computer Communications},
%	pages = {1620--1628},
%	publisher = {IEEE},
	title = {{Unreeling Netflix: Understanding and Improving Multi-CDN Movie Delivery}},
	year = {2012}
}


@article{Wang2004,
    author = {Wang, Zhou and Bovik, Alan C. and Sheikh, Hamid R. and Simoncelli, Eero P.},
    journal = {IEEE Transactions on Image Processing},
	number = {4},
    pages = {600--612},
    title = {{Image Quality Assessment: From Error Visibility to Structural Similarity}},
    volume = {13},
    year = {2004}
}
@article{Wang2013,
	author = {Wang, Xiaofei and Chen, Min and Kwon, Ted T. and Yang, Laurence T. and Leung, Victor C. M.},
	number = {4},
	journal = {IEEE Transactions on Multimedia},
	pages = {811--820},
	title = {{AMES-Cloud: A Framework of Adaptive Mobile Video Streaming and Efficient Social Video Sharing in the Clouds}},
	volume = {15},
	year = {2013}
}
@inproceedings{Juluri2015,
    author = {Juluri, Parikshit and Tamarapalli, Venkatesh and Medhi, Deep},
    booktitle = {Proceedings of the IEEE International Conference on Communication and Workshop},
    title = {{SARA: Segment Aware Rate Adaptation Algorithm for Dynamic Adaptive Streaming over HTTP}},
    year = {2015}
}
@inproceedings{DeVleeschauwer2013,
    author = {{De Vleeschauwer}, Danny and Viswanathan, Harish and Beck, Andre and Benno, Steve and Li, Gang and Miller, Ray},
    booktitle = {Proceedings of the IEEE International Conference on Computer Communications},
    title = {{Optimization of HTTP Adaptive Streaming over Mobile Cellular Networks}},
    year = {2013}
}
@inproceedings{Mok2012,
	author = {Mok, Ricky K. C. and Luo, Xiapu and Chan, Edmond W. W. and Chang, Rocky K. C.},
	booktitle = {Proceedings of the ACM Multimedia Systems Conference},
	title = {{QDASH: A QoE-aware DASH system}},
	year = {2012}
}
@inproceedings{Li2014,
	author = {Li, Zhi and Begen, Ali C. and Gahm, Joshua and Shan, Yufeng and Osler, Bruce and Oran, David},
	booktitle = {Proceedings of the ACM Multimedia Systems Conference},
	title = {{Streaming Video over HTTP with Consistent Quality}},
	year = {2014}
}
@inproceedings{Li2014b, 
	author={Lengyi Li and Xiaohong Ma and Zheng Zhao}, 
	title={{Real-time Video Stabilization Based on Fast Block Matching and Improved Kalman Filter}}, 
	booktitle={{Proceedings of the IEEE International Conference Intelligent Control and Information Processing}}, 
	year={2014}
}
@inproceedings{Cicalo2014,
    author = {Cicalo, Sergio and Changuel, Nesrine and Miller, Ray and Sayadi, Bessem and Tralli, Velio},
    booktitle = {Proceedings of the IEEE International Conference on Acoustics, Speech and Signal Processing},
    title = {{Quality-fair HTTP Adaptive Streaming over LTE Network}},
    year = {2014},
}
@article{Akyol2007,
	author = {Akyol, Emrah and Tekalp, Murat and Civanlar, Reha},
	journal = {{Springer EURASIP Journal on Advances in Signal Processing}},
	title = {{Content-Aware Scalability-Type Selection for Rate Adaptation of Scalable Video}},
	number = {1},
	pages = {10236:1--10236:11},
%	publisher = {Springer},
	volume = {2007},
	year = {2007},
}
@inproceedings{Cha2007,
	author = {Cha, Meeyoung and Kwak, Haewoon and Rodriguez, Pablo and Ahn, Yong-Yeol and Moon, Sue},
	booktitle = {Proceedings of the ACM Conference on Internet Measurement},
	title = {{I Tube, You Tube, Everybody Tubes}},
	year = {2007}
}
@techreport{Ericsson2016,
	institution = {Ericsson Inc.},
	title = {{Ericsson Mobility Report: On the Pulse of the Networked Society}},
	url = {https://www.ericsson.com/res/docs/2016/ericsson-mobility-report-2016.pdf},
	urldate ={2016-09-06},
	year = {2016}
}

@techreport{OpenSignal2016,
	institution = {Open Signal},
	title = {{State of Mobile Networks: USA (February 2016)}},
	url = {https://opensignal.com/reports/2016/02/usa/state-of-the-mobile-network/},
	urldate = {2016-08-20},
	year = {2016}
}
@techreport{Akamai2016,
	institution = {Akamai Inc.},
	title = {{State of the Internet}},
	url = {https://www.akamai.com/de/de/multimedia/documents/content/state-of-the-internet/q4-2015-state-of-the-internet-connectivity-report-us.pdf},
	urldate = {2016-08-20},
	year = {2016}
}
@article{Ghosh2010, 
	author={Amitaya Ghosh and Rapeepat Ratasuk and Bishwarup Mondal and Nitin Mangalvedhe and Tim Thomas}, 
	journal={IEEE Wireless Communications}, 
	title={{LTE-advanced: Next-generation Wireless Broadband Technology}}, 
	year={2010}, 
	volume={17}, 
	number={3}, 
	pages={10--22}, 
%	ISSN={1536-1284}, 
	month={June},
}

% ---------------- VAS ------------
@article{Hossfeld2015a,
    author = {Hossfeld, Tobias and Seufert, Michael and Sieber, Christian and Zinner, Thomas and Tran-Gia, Phuoc},
    journal = {Elsevier Computer Networks: The International Journal of Computer and Telecommunications Networking},
    pages = {320--332},
    title = {{Identifying QoE Optimal Adaptation of HTTP Adaptive Streaming based on Subjective Studies}},
    volume = {81},
    year = {2015}
}
@techreport{MPEG2014,
	institution = {MPEG},
	title = {MPEG-B Standard: ISO/IEC DIS 23001-10 Timed Metadata Metrics of Media in the ISO Base Media File Format - Carriage of Timed Metadata Metrics of Media in ISO Base Media File Format},
	year = {2014},
	url = {http://mpeg.chiariglione.org/sites/default/files/files/standards/parts/docs/w14596.zip},
	publisher = {MPEG},
	howpublished = {MPEG},
	urldate = {2016-09-20},
}
@inproceedings{Essaili2013,
    author = {{El Essaili}, Ali and Schroeder, Damien and Staehle, Dirk and Shehada, Mohammed and Kellerer, Wolfgang and Steinbach, Eckehard},
    booktitle = {Proceedings of the IEEE International Conference on Communications},
    title = {{Quality-of-experience Driven Adaptive HTTP Media Delivery}},
    year = {2013}
}
@article{Fu2015,
	author = {Fu, Bo and Staehle, Dirk and Kunzmann, Gerald and Steinbach, Eckehard and Kellerer, Wolfgang},
	journal = {ACM Transactions on Multimedia Computing, Communications, and Applications},
	month = {aug},
	number = {1},
	pages = {7:1--7:23},
	publisher = {ACM},
	title = {{QoE-Based SVC Layer Dropping in LTE Networks Using Content-Aware Layer Priorities}},
	volume = {12},
	year = {2015}
}
@inproceedings{Nam2016,
	author = {Nam, Hyunwoo and Kim, Kyung-Hwa and Schulzrinne, Henning},
	booktitle = {Proceedings of the IEEE International Conference on Computer Communications},
	title = {{QoE Matters More Than QoS: Why People Stop Watching Cat Videos}},
	year = {2016}
}

@inproceedings{Huang2014,
	author = {Huang, Te-Yuan and Johari, Ramesh and McKeown, Nick and Trunnell, Matthew and Watson, Mark},
	booktitle = {Proceedings of the ACM Conference of the Special Interest Group on Data Communication (SIGCOMM)},
%	pages = {187--198},
	title = {{A Buffer-based Approach to Rate Adaptation}},
%	volume = {44},
	year = {2014}
}
@inproceedings{Muller2012,
 author = {M\"uller, Christopher and Lederer, Stefan and Timmerer, Christian},
 title = {An Evaluation of Dynamic Adaptive Streaming over HTTP in Vehicular Environments},
 booktitle = {Proceedings of the ACM Workshop on Mobile Video},
 year = {2012},
} 
@book{Yao2011,
	author = {Yao, Jun and Kanhere, Salil S. and Hossain, Imran and Hassan, Mahbub},
	booktitle = {Proceedings of the IFIP Conference on Networking},
%	pages = {92--105},
	publisher = {Springer},
	title = {{Empirical Evaluation of HTTP Adaptive Streaming under Vehicular Mobility}},
	year = {2011}
}

@inproceedings{Hossfeld2014,
	author = {Hossfeld, Tobias and Seufert, Michael and Sieber, Christian and Zinner, Thomas},
	booktitle = {Proceedings of the IEEE International Workshop on Quality of Multimedia Experience},
%	pages = {111--116},
	title = {{Assessing Effect Sizes of Influence Factors Towards a QoE model for HTTP Adaptive Streaming}},
	year = {2014}
}
@inproceedings{Lewcio2011,
	author = {Lewcio, Blazej and Belmudez, Benjamin and Mehmood, Amir and Waltermann, Marcel and Moller, Sebastian},
	booktitle = {Proceedings of the IEEE International Workshop Technical Committee on Communications Quality and Reliability},
%	pages = {6},
	title = {{Video Quality in Next Generation Mobile Networks - Perception of Time-varying Transmission}},
	year = {2011}
}

@InProceedings{Vu2011,
  Title 		= {{A Spatiotemporal Most-Apparent-Distortion Model for Video Quality Assessment}},
  Author 	= {Vu, Phong V. and Vu, Cuong T. and Chandler, Damon M.},
  Booktitle	= {Proceedings of the IEEE International Conference on Image Processing},
  Year		= {2011},
}

@inproceedings{Sobel1968,
	author =  {Sobel, Irwin and Feldman, Gary},
	title =  {A 3x3 Isotropic Gradient Operator for Image Processing},
	publisher = {Presented at the Stanford Artificial Intelligence Project (SAIL)},
	year  = {1968}
}
@InProceedings{Wang2003,
  Title     = {{Multiscale Structural Similarity for Image Quality Assessment}},
  Author	= {Wang, Zhou and Simoncelli, Eero P. and Bovik, Alan C.},
  Booktitle	= {Proceedings of the International Conference on Signals, Systems and Computers},
  Year		= {2003},
}
@article{ITU2004,
	title                    = {{Objective Perceptual Video Quality Measurement Techniques for Standard Definition Digital Broadcast Television in the Presence of a Full Reference (ITU-R Recommendation BT.1683)}},
	author = {{ITU-T}},
	institution = {ITU},
	howpublished = {ITU},
	url = {https://www.itu.int/rec/R-REC-BT.1683},
	pages = {107},
	urldate = {2016-09-20},
	booktitle = {ITU Recommendation},
	Year                     = {2004}
	
}
@article{ITU2008,
	author = {{ITU-T}},
	institution = {ITU},
	howpublished = {ITU},
	title = {{Objective Perceptual Multimedia Video Quality Measurement in the Presence of a Full Reference (ITU-R Reccommendation J.247)}},
	url = {http://www.itu.int/rec/T-REC-J.247-200808-I/en},
	urldate = {2016-09-20},
	pages = {108},
	booktitle = {ITU Recommendation},
	year = {2008}
}
@TechReport{ANSI2003,
	  title		= {{Digital Transport of One-Way Video Signals - Parameters for Objective Performance Assessment (ANSI Std. T1.801-2003)}},
	  Institution 	= {ANSI},
	  	howpublished = {ANSI Standard},
	  Year		= {2003}
}
@TechReport{AKAMAI2014,
	Title                    = {{Akamai HD Network: Encoding Best Practices for the iPhone and iPad}},
	Institution                = {Akamai Inc.},
	Year                     = {2014},
	Url	= {http://www-dualstack.akamai.com/dl/whitepapers/Akamai_HDNetwork_Encoding_BP_iPhone_iPad.pdf},
	urldate = {2016-08-20},
}

@inproceedings{Ramkishor2003,
	author = {Ramkishor, Korada and Raghu, T S. and Siuman, K. and Gupta, Pallapothu},
	booktitle = {Proceedings of the IEEE International Symposium on Circuits and Systems},
	pages = {692--695},
	title = {{Adaptation of Video Encoders for Improvement in Quality}},
	year = {2003}
}

@Article{Pinson2004,
  Title		= {{A New Standardized Method for Objectively Measuring Video Quality}},
  Author	= {Pinson, Margaret H. and Wolf, Steven},
  Journal  	= {IEEE Transactions on Broadcasting},
  Year  	= {2004},
  Number 	= {3},
  Pages	= {312--322},
  Volume	= {50}
}

@inproceedings{Devlic2015,
    author = {Devlic, Alisa and Kamaraju, Pavan and Lungaro, Pietro and Segall, Zary and Tollmar, Konrad},
    booktitle = {Proceedings of the IEEE Symposium on World of Wireless, Mobile and Multimedia Networks},
    title = {{QoE-aware Optimization for Video Delivery and Storage}},
    year = {2015}
}
@inproceedings{Tian2012,
    author = {Tian, Guibin and Liu, Yong},
    booktitle = {Proceedings of the ACM International Conference on Emerging Networking Experiments and Technologies},
    title = {{Towards Agile and Smooth Video Adaptation in Dynamic HTTP Streaming}},
    year = {2012}
}
@inproceedings{Tian2013,
   author = {Tian, Guibin and Liu, Yong},
    booktitle = {Proceedings of the IEEE Packet Video Workshop},
   title = {{On Adaptive HTTP Streaming to Mobile Devices}},
    year = {2013}
}
@article{Colonnese2015,
    author = {Colonnese, Stefania and Cuomo, Francesca and Guida, Raffaele and Melodia, Tommaso},
    journal = {Ad Hoc Networks},
    pages = {74--84},
    title = {{Performance Evaluation of Sender-assisted HTTP-based Video Streaming in Wireless Ad Hoc Networks}},
    volume = {24},
    number ={Part B},
    year = {2015}
}
@article{Claeys2014,
    author = {Claeys, Maxim and Latre, Steven and Famaey, Jeroen and Wu, Tingyao and {Van Leekwijck}, Werner and {De Turck}, Filip},
    journal = {Connection Science},
    number = {1},
    pages = {25--43},
    title = {{Design and Optimisation of a (FA) Q-learning-based HTTP Adaptive Streaming Client}},
    volume = {26},
    publisher = {Taylor & Francis},
    year = {2014}
}
@article{Toni2015,
	author = {Toni, Laura and Aparicio-Pardo, Ramon and Pires, Karine and Simon, Gwendal and Blanc, Alberto and Frossard, Pascal},
	journal = {ACM Transactions on Multimedia Computing, Communications, and Applications},
	number = {2},
	pages = {26},
	publisher = {ACM},
	title = {{Optimal Selection of Adaptive Streaming Representations}},
	volume = {43:1--43:11},
	year = {2015}
}
@article{Moorthy2012,
	author = {Moorthy, Anush K. and Choi, Lark K. and Bovik, Alan C.},
	journal = {IEEE Journal of Selected Topics in Signal Processing},
	title = {{Video Quality Assessment on Mobile Devices: Subjective, Behavioral and Objective Studies}},
	volume = {6},
	number = {6},
	pages = {652--671},
	year = {2012}
}

@inproceedings{Garcia2014,
	author = {Garcia, Marie-Neige and {De Simone}, Francesca and Tavakoli, Samira and Staelens, Nicolas and Egger, Sebastian and Brunnstrom, Kjell and Raake, Alexander},
	booktitle = {Proceedings of the IEEE International Workshop on Quality of Multimedia Experience},
	title = {{Quality of Experience and HTTP Adaptive Streaming: A Review of Subjective Studies}},
	year = {2014}
}
@inproceedings{Hossfeld2012,
    author = {Hossfeld, Tobias and Egger, Sebastian and Schatz, Raimund and Fiedler, Markus and Masuch, Kathrin and Lorentzen, Charlott},
    booktitle = {Proceedings of the IEEE International Workshop on Quality of Multimedia Experience},
    title = {{Initial Delay vs. Interruptions: Between the Devil and the Deep Blue Sea}},
    year = {2012}
}
@incollection{Hossfeld2013,
	author = {Hossfeld, Tobias and Schatz, Raimund and Biersack, Ernst and Plissonneau, Louis},
	booktitle = {Data Traffic Monitoring and Analysis: From Measurement, Classification, and Anomaly Detection to Quality of Experience},
	number = {Part III},
	pages = {266--303},
	publisher = {Springer},
	title = {{Internet Video Delivery in YouTube: From Traffic Measurements to Quality of Experience}},
	editor={Biersack, Ernst and Callegari, Christian and Matijasevic, Maja},
	volume={7754},
	year = {2013}
}

@article{Zhai2008,
    author = {Zhai, Guangtao and Cai, Jianfei and Lin, Weisi and Yang, Xiaokang and Etoh, Minoru},
    journal = {IEEE Transactions on Multimedia},
    number = {7},
    pages = {1316--1324},
    shorttitle = {IEEE Transactions on Multimedia},
    title = {{Cross-Dimensional Perceptual Quality Assessment for Low Bit-Rate Videos}},
    volume = {10},
    year = {2008}
}
@article{Knoche2007,
    author = {Knoche, Hendrick and McCarthy, John D. and Sasse, Angela},
    journal = {Springer Multimedia Tools and Applications},
    number = {1-2},
    pages = {145--166},
   % publisher = {Kluwer Academic Publishers},
    title = {{How Low can you Go? The Effect of Low Resolutions on Shot Types in Mobile TV}},
    volume = {36},
    year = {2007}
}

@inproceedings{Knoche2005,
    author = {Knoche, Hendrik and McCarthy, John D. and Sasse, Angela },
    booktitle = {Proceedings of the ACM International Conference on Multimedia},
%    pages = {829},
    title = {{Can Small be Beautiful?}},
    year = {2005}
}
@inproceedings{Ghinea1998,
    author = {Ghinea, Gheorghita and Thomas, Johnson P.},
    booktitle = {Proceedings of the ACM International Conference on Multimedia},
    title = {{QoS Impact on User Perception and Understanding of Multimedia Video Clips}},
    year = {1998}
}
@inproceedings{Rajendran2002,
    author = {Rajendran, Raj Kumar and {van der Schaar}, Michaela and Chang, Shih-Fu},
    booktitle = {Proceedings of the IEEE International Symposium on Circuits and Systems},
    title = {{FGS+: Optimizing the Joint SNR-temporal Video Quality in MPEG-4 Fine Grained Scalable Coding}},
    year = {2002}
}
@inproceedings{VanDenEnde2007,
    author = {{Van Den Ende}, Nele and {De Hesselle}, Huub and Meesters, Lydia},
    booktitle = {Proceedings of the European Conference on Interactive TV: a Shared Experience},
    title = {{Towards Content-aware Coding: User Study}},
    publisher = {Springer},
    year = {2007}
}
@inproceedings{Zink2003,
	author = {Zink, Michael and K\"{u}nzel, Oliver and Schmitt, Jens and Steinmetz, Ralf},
	booktitle = {Proceedings of the International Conference on Quality of Service},
	title = {{Subjective Impression of Variations in Layer Encoded Videos}},
	publisher = {Springer},
	year = {2003}
}
@inproceedings{Ni2011,
	author = {Ni, Pengpeng and Eg, Ranghild and Eichhorn, Alexander and Griwodz, Carsten and Halvorsen, Pal},
	booktitle = {Proceedings of the ACM International Conference on Multimedia},
	title = {{Flicker Effects in Adaptive Video Streaming to Handheld Devices}},
	year = {2011}
}
@article{Medjiah2014,
	author = {Medjiah, Samir and Ahmed, Toufik and Boutaba, Raouf},
	journal = {IEEE Journal on Selected Areas in Communications},
	number = {4},
	pages = {734--745},
	title = {{Avoiding Quality Bottlenecks in P2P Adaptive Streaming}},
	volume = {32},
	year = {2014}
}
@article{Zhai2008,
	author = {Zhai, Guangtao and Cai, Jianfei and Lin, Weisi and Yang, Xiaokang and Zhang, Wenjun},
	journal = {IEEE Transactions on Broadcasting},
	number = {3},
	title = {{Three Dimensional Scalable Video Adaptation via User-End Perceptual Quality Assessment}},
	volume = {54},
	year = {2008}
}
@inproceedings{Staelens2009,
	author = {Staelens, Nicolas and Moens, Stefaan and {Van den Broeck}, Wendy and Marien, Ilse and Vermeulen, Brecht and Lambert, Peter  and {van de Walle}, Rik and Demeester, Piet},
	booktitle = {Proceedings of the IEEE International Workshop on Quality of Multimedia Experience},
	title = {{Assessing the Perceptual Influence of H.264/SVC Signal-to-Noise Ratio and Temporal Scalability on Full Length Movies}},
	year = {2009}
}
@article{Thang2014,
	author = {Thang, Truong C. and Le, Hung T. and Pham, Anh T. and Ro, Yong M.},
	journal = {IEEE Journal on Selected Areas in Communications},
	number = {4},
	pages = {693--705},
	title = {{An Evaluation of Bitrate Adaptation Methods for HTTP Live Streaming}},
	volume = {32},
	year = {2014}
}
@inproceedings{PastranaVidal2004,
	author = {Pastrana-Vidal, Ricardo R. and Gicquel, Jean C. and Colomes, Catherine and Cherifi, Hocine},
	booktitle = {Proceedings of the SPIE: Human Vision and Electronic Imaging IX},
%	editor = {Rogowitz, B. E. and Pappas, T. N.},
%	pages = {182--193},
%	publisher = {International Society for Optics and Photonics},
	title = {{Sporadic Frame Dropping Impact on Quality Perception}},
	year = {2004}
}
@inproceedings{VanKester2011,
	author = {{van Kester}, Sven and Xiao, Tonjiao and Kooij, Rocky E. and Brunnstr\"{o}m, Kjell and Ahmed, Omar K.},
	booktitle = {Proceedings of the SPIE: Human Vision and Electronic Imaging XVI},
	title = {{Estimating the Impact of Single and Multiple Freezes on Video Quality}},
%	volume = {7865},
	year = {2011}
}
@article{Staelens2010,
	author = {Staelens, Nicolas and Moens, Stefaan and {Van den Broeck}, Wendy and Marien, Ilse and Vermeulen, Brecht and Lambert, Peter  and {van de Walle}, Rik and Demeester, Piet},
	journal = {IEEE Transactions on Broadcasting},
	month = dec,
	number = {4},
	pages = {458--466},
	publisher = {IEEE},
	title = {{Assessing Quality of Experience of IPTV and Video on Demand Services in Real-Life Environments}},
	volume = {56},
	year = {2010}
}
@inproceedings{Mok2011,
	author = {Mok, Ricky K. C. and Chan, Edmond W. W. and Chang, Rocky K. C.},
	booktitle = {Proceedings of the IFIP/IEEE Integrated Network Management Symposium},
%	pages = {485--492},
	title = {{Measuring the Quality of Experience of HTTP Video Streaming}},
	year = {2011}
}
@inproceedings{Floris2012,
	author = {Floris, Alessandro and Atzori, Luigi and Ginesu, Giaime and Giusto, Daniele D.},
	booktitle = {Proceedings of the IEEE Globecom Workshops},
	pages = {1329--1334},
	title = {{QoE Assessment of Multimedia Video Consumption on Tablet Devices}},
	year = {2012}
}
@article{Atzori2014,
	author = {Atzori, Luigi and Floris, Alessandro and Ginesu, Giaime and Giusto, Daniele D.},
	journal = {Elsevier Journal of Visual Communication and Image Representation},
	number = {3},
	pages = {586--595},
	title = {{Quality Perception when Streaming Video on Tablet Devices}},
	volume = {25},
	year = {2014}
}

@inproceedings{Zinner2010,
	author = {Zinner, Thomas and Hohlfeld, Oliver and Abboud, Osama and Hossfeld, Tobias},
	booktitle = {Proceedings of the IEEE International Workshop on Quality of Multimedia Experience},
	title = {{Impact of Frame Rate and Resolution on Objective QoE Metrics}},
	year = {2010}
}
@article{Winkler2012,
	author = {Winkler, Stefan},
	journal = {IEEE Journal of Selected Topics in Signal Processing},
	number = {6},
	title = {{Analysis of Public Image and Video Databases for Quality Assessment}},
	volume = {6},
	pages = {616--625},
	year = {2012}
}
@inproceedings{Hasler2003,
	author = {Hasler, David and Suesstrunk, Sabine},
	booktitle = {Proceedings of the SPIE: Human Vision and Electronic Imaging VIII},
	title = {{Measuring Colourfulness in Natural Images}},
%	volume = {5007},
	year = {2003},
	%pages={87--95}
}
@inproceedings{Manweiler2012,
	author = {Manweiler, Justin G. and Jain, Puneet and {Roy Choudhury}, Romit R.},
	booktitle = {Proceedings of the ACM International Conference on Mobile Systems, Applications, and Services},
	title = {{Satellites in our Pockets}},
	year = {2012}
}
@article{McCabe1976,
	author = {McCabe, Thomas J.},
	journal = {IEEE Transactions on Software Engineering},
	number = {4},
	volume = {2},
	pages = {308--320},
	title = {{A Complexity Measure}},
	year = {1976}
}
@article{Nurminen2003,
	author = {Nurminen, Jukka K.},
	journal = {Elsevier Computers {\&} Operations Research},
	number = {8},
	pages = {1121--1134},
	title = {{Using Software Complexity Measures to Analyze Algorithms}},
	volume = {30},
	year = {2003}
}
@inproceedings{Miller2012,
	author = {Miller, Konstantin and Quacchio, Emanuele and Gennari, Gianluca and Wolisz, Adam},
	booktitle = {Proceedings of the IEEE Packet Video Workshop},
	title = {{Adaptation Algorithm for Adaptive Streaming over HTTP}},
	year = {2012}
}
@ARTICLE{Thang2012, 
	author={Truong C. Thang and Quang-Dung Ho and Jung W. Kang and Anh T. Pham}, 
	journal={IEEE Transactions on Consumer Electronics}, 
	title={Adaptive Streaming of Audiovisual Content using MPEG DASH}, 
	year={2012}, 
	volume={58}, 
	number={1}, 
	pages={78--85}, 
}
@inproceedings{Thang2012b,
	author = {Thang, Truong Cong and Nguyen, Hoc X. and Pham, Anh T.},
	booktitle = {IEEE International Conference on Communications and Electronics},
	%pages = {322--326},
	%publisher = {IEEE},
	title = {{Perceptual Difference Evaluation of Video Alternatives in Adaptive Streaming}},
	year = {2012}
}

@inproceedings{Akhshabi2011,
	 author = {Akhshabi, Saamer and Begen, Ali C. and Dovrolis, Constantine},
	 title = {{An Experimental Evaluation of Rate-adaptation Algorithms in Adaptive Streaming over HTTP}},
	 booktitle = {Proceedings of the ACM Conference on Multimedia Systems},
	 year = {2011},
}
@inproceedings{Eittenberger2013,
	author = {Eittenberger, Philipp M. and Hamatschek, Michael and Gro{\ss}mann, Marcel and Krieger, Udo R.},
	booktitle = {Proceedings of the ACM Multimedia Systems Conference},
	title = {{Monitoring Mobile Video Delivery to Android Devices}},
	year = {2013}
}
@inproceedings{Riiser2013,
	author = {Riiser, Haakon and Vigmostad, Paul and Griwodz, Carsten and Halvorsen, Pal},
	booktitle = {Proceedings of the ACM Multimedia Systems Conference},
%	pages = {114--118},
	title = {{Commute Path Bandwidth Traces from 3G Networks}},
	year = {2013}
}
@inproceedings{Krishnappa2015,
	author = {Krishnappa, Dilip Kumar and Zink, Michael and Sitaraman, Ramesh K.},
	booktitle = {Proceedings of the ACM Multimedia Systems Conference},
%	pages = {37--48},
	title = {{Optimizing the Video Transcoding Workflow in Content Delivery Networks}},
	year = {2015}
}
@article{Wiegand2003,
	author = {Wiegand, Thomas and Sullivan, Gary J. and Bjontegaard, Gisle and Luthra, Ajay},
	journal = {IEEE Transactions on Circuits and Systems for Video Technology},
	number = {7},
	pages = {560--576},
	title = {{Overview of the H.264/AVC Video Coding Standard}},
	volume = {13},
	year = {2003}
}
@article{Sullivan2012,
	author = {Sullivan, Gary J. and Ohm, Jens-Rainer and Han, Woo-Jin and Wiegand, Thomas},
	journal = {IEEE Transactions on Circuits and Systems for Video Technology},
	number = {12},
	pages = {1649--1668},
	shorttitle = {Circuits and Systems for Video Technology, IEEE Tr},
	title = {{Overview of the High Efficiency Video Coding (HEVC) Standard}},
	volume = {22},
	year = {2012}
}

@inproceedings{Lederer2012a,
	 author = {Lederer, Stefan and M\"{u}ller, Christopher and Timmerer, Christian},
	 title = {Dynamic Adaptive Streaming over HTTP Dataset},
	 booktitle = {Proceedings of the ACM Multimedia Systems Conference},
	 year = {2012},
} 
@inproceedings{Lederer2013,
	 author = {Lederer, Stefan and M\"uller, Christopher and Timmerer, Christian and Concolato, Cyril and {Le Feuvre}, Jean and Fliegel, Karel},
	 title = {Distributed DASH Dataset},
	 booktitle = {Proceedings of the ACM Multimedia Systems Conference},
	 year = {2013},
} 

@inproceedings{Watson2001,
    author = {Watson, Andrew B. and Kreslake, Lindsay},
    booktitle = {Proceedings of the SPIE: Human Vision and Electronic Imaging VI},
%    editor = {Rogowitz, Bernice E. and Pappas, Thrasyvoulos N.},
    publisher = {International Society for Optics and Photonics},
    title = {{Measurement of Visual Impairment Scales for Digital Video}},
 %   volume = {4299},
%    number = {49},
    year = {2001}
}
@article{Schwarz2007,
	author = {Schwarz, Heiko and Marpe, Detlev and Wiegand, Thomas},
	journal = {IEEE Transactions on Circuits and Systems for Video Technology},
	title = {{Overview of the Scalable Video Coding Extension of the H.264/AVC Standard}},
	volume = {17},
	number = {9},
	year = {2007}
}
@article{Adzic2012,
	author = {Adzic, Velibor and Kalva, Hari and Furht, Borko},
	journal = {IEEE Transactions on Consumer Electronics},
	title = {{Optimizing Video Encoding for Adaptive Streaming over HTTP}},
	volume={58}, 
	number={2}, 
	pages={397-403}, 
	year = {2012}
}
@misc{Li2016,
	author = {Li, Zhi and Aaron, Anne and Katsavounidis, Ioannis and Moorthy, Anush and Manohara, Megha},
	booktitle = {Netflix Blog},
	title = {{Toward A Practical Perceptual Video Quality Metric}},
	url = {http://techblog.netflix.com/2016/06/toward-practical-perceptual-video.html},
	urldate = {2016-09-22},
	year = {2016}
}

@inproceedings{Lienhart1999,
	author = {Rainer Lienhart},
	year = {1999},
	booktitle = {Proceedings of the SPIE: Storage and Retrieval for Image and Video Databases VII},
	title = {{Comparison of Automatic Shot Boundary Detection Algorithms}},
%	volume = {3656},
	}

@article{zabih1999,
	  title={{A Feature-based Algorithm for Detecting and Classifying Production Effects}},
	  author={Zabih, Ramin and Miller, Justin and Mai, Kevin},
	  journal={Springer Multimedia Systems Journal},
	  volume={7},
	  number={2},
	  pages = {119--128},
	  year={1999},
}
@Article{Chandler2010,
  Title		= {{Most Apparent Distortion: Full-Reference Image Quality Assessment and the Role of Strategy}},
  Author	= {Larson, Eric C. and Chandler, Damon M.},
  Journal	= {SPIE Journal of Electronic Imaging},
  Year		= {2010},
  Number	= {1},
  Pages	= {1--21},
  Volume	= {19},
  
}

%------------------- Video Quality ------------------
@article{Yeh2013, 
	author={Yeh, Hsin-Ho and Yang, Chun-Yu and Lee, Ming-Sui and Chen, Chu-Song}, 
	journal={IEEE Transactions on Multimedia}, 
	title={{Video Aesthetic Quality Assessment by Temporal Integration of Photo- and Motion-Based Features}}, 
	year={2013}, 
	volume={15}, 
	number={8}, 
	pages={1944--1957}, 
}
@ARTICLE{Seshadrinathan2010, 
	author={Seshadrinathan, Kalpana and Bovik, Alan C.}, 
	journal={IEEE Transactions on Image Processing}, 
	title={{Motion Tuned Spatio-Temporal Quality Assessment of Natural Videos}}, 
	year={2010}, 
	volume={19}, 
	number={2}, 
	pages={335--350}, 
}
@ARTICLE{Yang2005, 
	author={Yang, Fuzheng and Wan, Shuai and Chang, Yilin and Wu, Hong R.}, 
	journal={IEEE Signal Processing Letters}, 
	title={{A Novel Objective No-reference Metric for Digital Video Quality Assessment}}, 
	year={2005}, 
	volume={12}, 
	number={10}, 
	pages={685--688},
}

@techreport{Apple2016,
	institution = {Apple Inc.},
	title = {{HLS Authoring Specification for Apple TV}},
	urldate = {2016-03-21},
	url = {https://developer.apple.com/library/tvos/documentation/General/Reference/HLSAuthoringSpec/},
	year = {2016},
}
@inproceedings{Keimel2010,
	title = {The TUM High Definition Video Data Sets},
	author = {Keimel, Christian and Redl, Arne and Diepold, Klaus},
	booktitle = {Proceedings of the IEEE International Workshop on Quality of Multimedia Experience},
	year ={2012},
}
@ARTICLE{Hossfeld2014a,
	author = {Hossfeld, Tobias and  Keimel, Christian and Hirth, Matthias and Gardlo, Bruno and Habigt, Julian and Diepold, Klaus and Tran-Gia, Phuoc},
	title = {{Best Practices for QoE Crowdtesting: QoE Assessment with Crowdsourcing}},
	journal = {Transactions on Multimedia},
	volume = {16},
	number={2},
	year = {2014},
}
@inproceedings{Mittal2011,
	author = {Mittal, Anish and Moorthy, Anush K. and Bovik, Alan C.},
	booktitle = {Proceedings of the IEEE Asilomar Conference on Signals, Systems and Computers},
	title = {{Blind/Referenceless Image Spatial Quality Evaluator}},
	year = {2011}
}
@article{Saad2014,
	author = {Saad, Michele and Bovik, Alan C. and Charrier, Cristophe},
	journal = {IEEE Transactions on Image Processing},
	number = {3},
	pages = {1352--1365},
	title = {{Blind Prediction of Natural Video Quality}},
	volume = {23},
	year = {2014}
}
@article{Saad2012,
	author = {Saad, Michele and Bovik, Alan C.},

	journal = {{Proceedings of the IEEE Conference on Signals, Systems and Computers}},
%	pages = {332--336},
	title = {{Blind Quality Assessment of Videos using a Model of Natural Scene Statistics and Motion Coherency}},
	year = {2012}
}

%@inproceedings{Ong2003,
%	author = {Ong, E. and Lin, W. and Lu, Z. and Yang, X. and Yao, S. and Pan, F. and Jiang, L. and Moschetti, F.},
%	booktitle = {Proceedings of the IEEE International Symposium on Signal Processing and Its Applications},
%	title = {{A No-reference Quality Metric for Measuring Image Blur}},
%	year = {2003}
%}
@inproceedings{Campanella2007,
	author = {Campanella, Marco and Weda, Hans and Barbieri, Mauro},
	booktitle = {Proceedings of the SPIE: Multimedia Content Access - Algorithms and Systems},
	title = {{Edit While Watching: Home Video Editing Made Easy}},
	year = {2007}
}
@inproceedings{Bano2015,
	author = {Bano, Sophia and Cavallaro, Andrea and Parra, Xavier},
	booktitle = {Proceedings of the ACM International Conference on Multimedia},
	title = {{Gyro-based Camera-motion Detection in User-generated Videos}},
	year = {2015}
}
@article{Bano2015b,
	author = {Bano, Sophia and Cavallaro, Andrea},
	journal = {Springer Multimedia Tools and Applications},
	volume = {75},
	number = {12},
	pages = {7187--7210},
	title = {{ViComp: Composition of User-generated Videos}},
	year = {2015}
}
@article{Jing1999,
	author = {Jing, Jin and Helal, Abdelsalam S. and Elmagarmid, Ahmed},
	journal = {ACM Computing Surveys},
	number = {2},
	pages = {117--157},
	title = {{Client-server Computing in Mobile Environments}},
	volume = {31},
	year = {1999}
}
@inproceedings{Atzmueller2013,
	title={{Towards Capturing Social Interactions with SDCF: an Extensible Framework for Mobile Sensing and Ubiquitous Data Collection}},
	author={Atzm\"uller, Martin and Hilgenberg, Katy},
	booktitle={Proceedings of the ACM International Workshop on Modeling Social Media},
	year={2013},
}
@article{Naqvi2014,
	title={{A Quality-aware Federated Framework for Smart Mobile Applications in the Cloud}},
	author={Naqvi, Nayyab and Preuveneers, Davy and Berbers, Yolande},
	journal={Elsevier Procedia Computer Science},
	volume={32},
	pages={253--260},
	year={2014},
}
@inproceedings{Brunette2012,
	title={{Open Data Kit Sensors}},
	author={Brunette, Waylon and Sodt, Rita and Chaudhri, Rohit and Goel, Mayank and Falcone, Michael and Van Orden, Jaylen and Borriello, Geatano},
	booktitle={Proceedings of the ACM International Conference on Mobile Systems, Applications, and Services},
	year={2012},
}
@inproceedings{Hofer2003,
	title={{Context-awareness on Mobile Devices - The Hydrogen Approach}},
	author={Hofer, Thomas and Schwinger, Wieland and Pichler, Mario and Leonhartsberger, Gerhard and Altmann, Josef and Retschitzegger, Werner},
	booktitle={Proceedings of the IEEE Hawaii International Conference on System Sciences},
	year={2003},
}
@inproceedings{Wang2009,
	title={{A Framework of Energy Efficient Mobile Sensing for Automatic User State Recognition}},
	author={Wang, Yi and Lin, Jialiu and Annavaram, Murali and Jacobson, Quinn A and Hong, Jason and Krishnamachari, Bhaskar and Sadeh, Norman},
	booktitle={{Proceedings of the ACM International Conference on Mobile Systems, Applications, and Services}},
	pages={179--192},
	year={2009}
}
@article{Jani2003,
	title={{Managing Context Information in Mobile Devices}},
	author={Korpipaa, Panu and Mantyjarvi, Jani and Kela, Juha and Keranen, Heikki and Malm, Esko-Juhani},
	journal={IEEE Pervasive Computing},
	volume={2},
	number={3},
	pages={42--51},
	year={2003},
}

@article{Wu2015,
	author = {Wu, Yue and Mei, Tao and Xu, Ying-Qing and Yu, Nenghai and Li, Shipeng},
	journal = {{IEEE Transactions on Circuits and Systems for Video Technology}},
	year={2015}, 
	volume={25}, 
	number={12}, 
	pages={1941--1954}, 
	title = {{MoVieUp: Automatic Mobile Video Mashup}}
}

@inproceedings{Zhang2012,
	author = {Zhang, Ying and Wang, Guanfeng and Seo, Beomjoo and Zimmermann, Roger},
	booktitle = {Proceedings of the ACM Multimedia Systems Conference},
	title = {{Multi-Video Summary and Skim Generation of Sensor-rich Videos in Geo-Space}},
	year = {2012}
}
@article{Arev2014,
	author = {Arev, Ido and Park, Hyun Soo and Sheikh, Yaser and Hodgins, Jessica and Shamir, Ariel},
	journal = {ACM Transactions on Graphics},
	number = {4},
	pages = {81:1--81:11},
	title = {{Automatic Editing of Footage from Multiple Social Cameras}},
	volume = {33},
	year = {2014}
}
@article{Cricri2014,
	author = {Cricri, Francesco and Roininen, Mikko and Leppanen, Jussi and Mate, Sujeet},
	journal = {{IEEE Transactions on Multimedia}},
	number = {4},
	pages = {917--932},
	title = {{Sport Type Classification of Mobile Videos}},
	volume = {16},
	year = {2014}
}
@inproceedings{Fassold2015,
	author = {Fassold, Hannes and Wechtitsch, Stefanie and Thaler, Marcus and Kozlowski, Krzysztof and Bailer, Werner},
	title = {Real-time Video Quality Analysis on Mobile Devices},
	booktitle = {Proceedings of the ACM International Workshop on Mobile Video},
	year = {2015},
} 
@incollection{Cricri2012,
	author = {Cricri, Francesco and Curcio, Igor D.D. and Mate, Sujeet and Dabov, Kostadin and Gabbouj, Moncef},
	booktitle = {International Conference on Advances in Multimedia Modeling},
%	editor = {Schoeffmann, Klaus and Merialdo, Bernard and Hauptmann, Alexander G. and Ngo, Chong-Wah and Andreopoulos, Yiannis and Breiteneder, Christian},
%	pages = {255--265},
	title = {{Sensor-Based Analysis of User Generated Video for Multi-camera Video Remixing}},
%	publisher = {Springer},
	year = {2012}
}
@inproceedings{Bailer2015,
	author = {Bailer, Werner and Pike, Chris and Bauwens, Rik and Grandl, Reinhard and Matton, Mike and Thaler, Marcus},
	booktitle = {Proceedings of the ACM Multimedia Systems Conference},
	title = {{Multi-sensor Concert Recording Dataset including Professional and User-generated Content}},
	year = {2015}
}
@inproceedings{Wang2012a,
	author = {Wang, Guanfeng and Seo, Beomjoo and Zimmermann, Roger},
	booktitle = {{Proceedings of the International Workshop on Network and Operating System Support for Digital Audio and Video}},
%	pages = {89--94},
	title = {{Sensor-assisted Camera Motion Analysis and Motion Estimation Improvement for H.264/AVC Video Encoding}},
	year = {2012}
}
@inproceedings{Wang2002, 
	author={Zhou Wang and Hamid R. Sheikh and Alan C. Bovik}, 
	title={{No-reference Perceptual Quality Assessment of JPEG Compressed Images}}, 
	booktitle={Proceedings of the International Conference on Image Processing}, 
	year={2002}
}
@article{Crete2007,
	author = {Crete, Frederique and Dolmiere, Thierry and Ladret, Patricia and Nicolas, Marina},
	title = {{The Blur Effect: Perception and Estimation with a New No-Reference Perceptual Blur Metric}},
	journal = {Springer Human Vision and Electronic Imaging XII},
	year = {2007},
	pages = {1--11},
	volume = {6492}
}
@Inbook{Moorthy2010,
	author = {Moorthy, Anush K. and Obrador, Pere and Oliver, Nuria},
	title = {{Towards Computational Models of Visual Aesthetic Appeal of Consumer Videos}},
	bookTitle={Proceedings of the European Conference on Computer Vision},
	year={2010},
	publisher = {Springer},
%	pages={14},
}
@inproceedings{Cricri2011,
	author={Cricri, Francesco and Dabov, Kostadin and Curcio, Igor D. and Mate, Sujeet and Gabbouj, Moncef}, 
	title={{Multimodal Event Detection in User Generated Videos}}, 
	booktitle={Proceedings of the IEEE International Symposium on Multimedia}, 
	pages={263-270}, 
	year={2011}
}
@article{Nagasaka1999,
	author = {Akio Nagasaka and Takafumi Miyatake},
	title = {{Real-time Video Mosaics using Luminance-Projection Correlation}},
	journal = {IEICE Transactions on Information and Systems},
	year = {1999},
	volume = {1},
	number = {1},
	pages = {1572-1580}
}
@article{Weng2006,
	author = {Shiuh-Ku Weng and Chung-Ming Kuo and Shu-Kang Tu},
	title = {{Video Object Tracking using Adaptive Kalman filter}},
	journal = {Journal of Visual Communication and Image Representation},
	year = {2006},
	pages = {1190--1200},
	volume = {17},
	number = {6},
}
@article{Hao2013,
	author = {Hao, Wu and Hong-bin, Deng and Xuan, Zhang},
	title = {{Study on a Fast Motion Estimation Algorithm of Video Stabilization System}},
	journal = {Journal of Convergence Information Technology},
	year = {2013},
	pages={547--560},
	volume={8},
	number={8}
}
@inproceedings{Saravanakumar2012,
	author={Saravanakumar Soman and Arun Vadivel and Saneem Ahmed}, 
	title={{Multiple Human Object Tracking using Background Subtraction and Shadow Removal Techniques}}, 
	booktitle={Proceedings of the IEEE International Conference on Signal and Image Processing}, 
	year={2010}
}
@article{Abdollahian2010,
	author = {Abdollahian, Golnaz and Taskiran, Cuneyt M. and Pizlo, Zygmunt and Delp, Edward J.},
	title = {{Camera Motion-based Analysis of User Generated Video}},
	journal= {IEEE Transactions on Multimedia},
	year = {2010},
	pages={28-41},
	volume={12}, 
	number={1}
}

@inproceedings{Hsu2015,
	author = {Hsu, Pei-Yun and Cheng, Wen-Feng and Hsieh, Peng-Ju and Lin, Yen-Liang and Hsu, Winston H.},
	title = {{Real-Time Instant Event Detection in Egocentric Videos by Leveraging Sensor-Based Motion Context}},
	booktitle = {Proceedings of the ACM International Conference on Multimedia},
	year = {2015}
} 
@inproceedings{Snoek2005,
	author = {Snoek, Cees G. M. and Worring, Marcel and Smeulders, Arnold W. M.},
	booktitle = {Proceedings of the ACM International Conference on Multimedia},
%	pages = {399--402},
	title = {{Early versus Late Fusion in Semantic Video Analysis}},
	year = {2005}
}
@inproceedings{Zhang2013,
	author = {Zhang, Ying and Ma, He and Zimmermann, Roger},
	booktitle = {Proceedings of the International Multimedia Modeling Conference},
%	pages = {380--390},
	title = {{Dynamic Multi-Video Summarization of Sensor-rich Videos in Geo-Space}},
%	volume = {7732},
%	series ={Lecture Notes in Computer Science},
%	publisher = {Springer},
	year = {2013}
}
@article{Zivkovic2006,
	author = {Zoran Zivkovic and Ferdinand van der Heijden},
	title = {{Efficient Adaptive Density Estimation per Iimage Pixel for the Task of Background Subtraction}},
	journal = {Elsevier Pattern Recognition Letters},
	year = {2006},
	volume = {27},
	pages = {773--780},
	number = {7}
}

@inproceedings{Guggenberger2015,
	author = {Guggenberger, Mario and Lux, Mathias and B{\"{o}}sz{\"{o}}rmenyi, Laszlo},
	booktitle = {Proceedings of the International Multimedia Modeling Conference},
%	editor = {HE, Xiangjian and Luo, Suhuai and Tao, Dacheng and Xu, Changsheng and Yang, Jie and Hasan, Muhammad Abul},
%	pages = {203--213},
	title = {{An Analysis of Time Drift in Hand-Held Recording Devices}},
%	publisher = {Springer},
	year = {2015}
}
@article{Steinmetz1996,
	author = {Steinmetz, Ralf},
	journal = {IEEE Journal on Selected Areas in Communications},
	number = {1},
	pages = {61--72},
	title = {{Human Perception of Jitter and Media Synchronization}},
	volume = {14},
	year = {1996}
}
@article{Canny1986, 
	author={John Canny}, 
	title={{A Computational Approach to Edge Detection}}, 
	journal={IEEE Transactions on Pattern Analysis and Machine Intelligence}, 
	year={1986}, 
	volume={8}, 
	pages={679--698},
	number={6}
}
@inproceedings{Lampe2013,
	 author = {Lampe, Ulrich and Hans, Ronny and Steinmetz, Ralf},
	 title = {{Will Mobile Cloud Gaming Work? Findings on Latency, Energy, and Cost}},
	 booktitle = {Proceedings of the IEEE International Conference on Mobile Services},
	 year = {2013},
%	 pages = {103--104},
} 
@inproceedings{Guggenberger2015a,
	author = {Guggenberger, Mario and Lux, Mathias and B{\"{o}}sz{\"{o}}rmenyi, Laszlo},
	booktitle = {Proceedings of the International Multimedia Modeling Conference},
%	edition = {8936},
%	editor = {He, Xiangjian and Luo, Suhuai and Tao, Dacheng and Xu, Changsheng and Yang, Jie and Hasan, Muhammad A.},
%	pages = {87--98},
%	publisher = {Springer},
	title = {{A Synchronization Ground Truth for the JIKU Mobile Video Dataset}},
	year = {2015}
}
%------------------- Composition ------------------
 @inproceedings{Wang-CIR2011,
 	author = {Jun Wang and Bei Yu},
 	title = {{Labeling Images with a Recall-based Image Retrieval Game}},
 	booktitle = {{Proceedings of the ACM SIGIR Workshop on Crowdsourcing for Information Retrieval)}},
% 	editor = {{Matthew Lease and Vaughn Hester and Alexander Sorokin and Emine Yilmaz}},
 	year = {2011}
 } 
 @INPROCEEDINGS{Hossfeld2011, 
 	author={Hossfeld, Tobias and Seufert, Michael and Hirth, Matthias and Zinner, Thomas and Tran-Gia, Phuoc and Schatz, Raimund}, 
 	booktitle={{Proceedings of the IEEE International Symposium on Multimedia}}, 
 	title={{Quantification of YouTube QoE via Crowdsourcing}}, 
 	year={2011}, 
 	
 }
 

 @inproceedings{Engstrom2008,
 	author = {Engstr\"{o}m, Arvid and Esbj\"{o}rnsson, Mattias and Juhlin, Oskar},
 	booktitle = {{Proceedings of the ACM International Conference on Human Computer Interaction with Mobile Devices and Services}},
 	pages = {157--166},
 	title = {{Mobile Collaborative Live Video Mixing}},
 	year = {2008}
 }
 
 @inproceedings{Bernstein2011,
 	author = {Bernstein, Michael S. and Brandt, Joel and Miller, Robert C. and Karger, David R.},
 	title = {{Crowds in Two Seconds: Enabling Realtime Crowd-powered Interfaces}},
 	booktitle = {Proceedings of the ACM Symposium on User Interface Software and Technology},
 %	pages = {33--42},
 	year = {2011},
 } 


 @inproceedings{Lasecki2011,
 	author = {Lasecki, Walter S. and Murray, Kyle I. and White, Samuel and Miller, Robert C. and Bigham, Jeffrey P.},
 	title = {Real-time Crowd Control of Existing Interfaces},
 	booktitle = {{Proceedings of the ACM International Symposium on User Interface Software and Technology}},
 %	pages = {23--32},
 	year = {2011},
 } 
 @inproceedings{Zhong2012,
 	author = {Zhong, Yu and Thiha, Phyo and He, Grant and Lasecki, Walter and Bigham, Jeffrey},
 	title = {{Using Real-time Feedback to Improve Visual Question Answering}},
 	booktitle = {CHI'12 ACM Extended Abstracts on Human Factors in Computing Systems},
 	year = {2012},
 } 
 @inproceedings{Murphy2013,
 	author = {Murphy, Matthew J. and Miller, Christopher D. and Lasecki, Walter S. and Bigham, Jeffrey P.},
 	title = {{Adaptive Time Windows for Real-time Crowd Captioning}},
 	booktitle = {CHI'13 ACM Extended Abstracts on Human Factors in Computing Systems},
 	year = {2013},
 %	pages ={13--18},
 } 
 @inproceedings{Amato2013,
 	author = {Amato, Ariel and Sappa, Angel D. and Forn{\'e}s, Alicia and Lumbreras, Felipe and Llad\'{o}s, Josep},
 	title = {{Divide and Conquer: Atomizing and Parallelizing a Task in a Mobile Crowdsourcing Platform}},
 	booktitle = {ACM International Workshop on Crowdsourcing for Multimedia},
 	year = {2013},
 } 
 
 @ARTICLE{Vetro2011, 
 	author={Vetro, Anthony and Wiegand, Thomas and Sullivan, Gary J.}, 
 	journal={Proceedings of the IEEE}, 
 	title={{Overview of the Stereo and Multiview Video Coding Extensions of the H.264/MPEG-4 AVC Standard}}, 
 	year={2011}, 
 	volume={99}, 
 	number={4}, 
 }
 
 @inproceedings{Jain2013,
 	author = {Jain, Puneet and Manweiler, Justin and Achary, Arup and Beaty, Kirk},
 	booktitle = {Overview of the ACM International Conference on Embedded Networked Sensor Systems},
 	title = {{FOCUS: Clustering Crowdsourced Videos by Line-of-sight}},
 	year = {2013}
 }

 @InProceedings{Yan2010,
 	author = {Tingxin Yan and Vikas Kumar and Deepak Ganesan},
 	booktitle = {Overview of the ACM International Conference on Mobile Systems, Applications, and Services},
 	title = {CrowdSearch: Exploiting Crowds for Accurate Real-time Image Search on Mobile Phones},
 	year = {2010},
 	pages = {77--90},
 }

 @inproceedings{Keimel2012,
 	
 	author = {Keimel, Christian and Habigt, Julian and Diepold, Klaus},
 	booktitle = {Overview of the IEEE International Workshop on Quality of Multimedia Experience},
 	title = {{Challenges in Crowd-based Video Quality Assessment}},
 	year = {2012}
 }
 @article{Snavely2008,
 	author = {Snavely, Noah and Seitz, Steven M. and Szeliski, Richard},
 	title = {Modeling the World from Internet Photo Collections},
 	journal = {{International Journal of Computer Vision}},
 	volume = {80},
 	number = {2},
 	year = {2008},
 } 
 
 @article{Lowe2004,
 	author = {Lowe, David G.},
 	title = {{Distinctive Image Features from Scale-Invariant Keypoints}},
 	journal = {{International Journal of Computer Vision}},
 	volume = {60},
 	number = {2},
 	year = {2004},
 	pages = {91--110},
 	
 } 
 @article{Cricri2012b,
 	author = {Cricri, Francesco and Dabov, Kostadin and Curcio, Igor D. D. and Mate, Sujeet and Gabbouj, Moncef},
 	journal = {Springer Multimedia Tools and Applications},
 	number = {1},
 	title = {{Multimodal Extraction of Events and of Information about the Recording Activity in User Generated Videos}},
 	volume = {70},
 	year = {2012},
 	pages = {119--158},
 }
 
 @inproceedings{Graham1972,
 	author = {Graham, Ronald L.},
 	booktitle = {Elsevier Information Processing Letters},
 	title = {{An Efficient Algorithm for Determining the Convex Hull of a Finite Planar Set}},
 	year = {1972},
 }
 
 @inproceedings{Wang2012,
 	author = {Wang, Guanfeng and Seo, Beomjoo and Zimmermann, Roger},
 	booktitle = {Proceedings of the ACM International Conference on Multimedia},
 	title = {{Motch: An Automatic Motion Type Characterization System for Sensor-rich Videos}},
 	year = {2012}
 }
 @inproceedings{Wang2012b,
 	author = {Wang, Guanfeng and Seo, Beomjoo and Zimmermann, Roger},
 	title = {{Automatic Positioning Data Correction for Sensor-annotated Mobile Videos}},
 	booktitle = {Proceedings of the ACM International Conference on Advances in Geographic Information Systems},
 	year = {2012},
 %	pages ={470--473},
 	
 } 
 @inproceedings{Saini2012,
 	author = {Saini, Mukesh K. and Gadde, Raghudeep and Yan, Suicheng and Ooi, Wei T.},
 	booktitle = {Proceedings of the ACM International Conference on Multimedia},
 	title = {{MoViMash: Online Mobile Video Mashup}},
 	year = {2012},
% 	pages = {139--148},
 }
 @article{Mughal2013,
 	author = {Mughal, Mudassar Ahmad and Juhlin, Oskar},
 	journal = {Springer Personal and Ubiquitous Computing},
 	number = {3},
 	title = {{Context-dependent Software Solutions to Handle Video Synchronization and Delay in Collaborative Live mobile Video Production}},
 	volume = {18},
 	pages ={709--721},
 	year = {2013},
 }
 
 @inproceedings{Li2013,
 	author = {Li, Zhonghua and Wang, Ju-Chiang and Cai, Jingli and Duan, Zhiyan and Wang, Hsin-Min and Wang, Ye},
 	booktitle = {Proceedings of the ACM International Conference on Multimedia},
 	title = {{Non-reference Audio Quality Assessment for Online Live Music Recordings}},
 	year = {2013}
 }
 @inproceedings{Yang2006,
 	author = {Yang, Kai-chieh and Guest, Clark and Das, Pankaj},
 	booktitle = {Proceedings of theIEEE International Conference on Multimedia and Expo},
 	title = {{Perceptual Sharpness Metric (PSM) for Compressed Video}},
 	year = {2006},
 %	pages = {777--780},
 }
 @inproceedings{Kim2014,
 	author = {Kim, Seo H. and Lu, Ying and Constantinou, Giorgos and Shahabi, Cyrus and Wang, Guanfeng and Zimmermann, Roger},
 	booktitle = {{Proceedings of the ACM Multimedia Systems Conference}},
 %	pages = {224--235},
 	title = {{MediaQ: Mobile Multimedia Management System}},
 	year = {2014}
 }

@book{Dmytryk1984,
	author = {Dmytryk, Edward},
%	isbn = {0240517385},
	pages = {148},
	publisher = {Focal Press},
	title = {{On Film Editing: an Introduction to the Art of Film Construction}},
	year = {1984}
}
@article{Shrestha2010b,
	author = {Shrestha, Prarthana and Barbieri, Mauro and Weda, Hans and Sekulovski, Dragan},
	journal = {IEEE Transactions on Multimedia},
	number = {1},
	pages = {79--92},
	title = {{Synchronization of Multiple Camera Videos Using Audio-Visual Features}},
	volume = {12},
	year = {2010}
}

@inproceedings{Shrestha2007,
	author = {Shrestha, Prarthana and Barbieri, Mauro and Weda, Hans},
	booktitle = {Proceedings of the ACM International Conference on Multimedia},
%	pages = {545--548},
	title = {{Synchronization of Multi-camera Video Recordings based on Audio}},
	year = {2007}
}

@inproceedings{Shrestha2006,
	author = {Shrestha, Prarthana and Weda, Hans and Barbieri, Mauro and Sekulovski, Dragan},
	booktitle = {Proceedings of the  ACM International Conference on Multimedia},
	title = {{Synchronization of Multiple Video Recordings based on still Camera Flashes}},
	year = {2006}
}
@inproceedings{Snoek2004,
	author = {Snoek, Cees G. M. and Worring, Marcel and Geusebroek, Jan-Mark and Koelma, Dennis C. and Seinstra, Frank J.},
	booktitle = {TRECVID Workshop},
	title = {{The MediaMill TRECVID 2004 Semantic Video Search Engine}},
	url={http://www-nlpir.nist.gov/projects/tvpubs/tvpapers04/mediamill.pdf},
	urldate = {2016-09-29},
	year = {2004}
}
@inproceedings{Altun2003,
	title={{Hidden Markov Support Vector Machines}},
	author={Altun, Yasemin and Tsochantaridis, Ioannis and Hofmann, Thomas},
	booktitle={Proceedings of the International Conference on Machine Learning},
%	pages={3--10},
	year={2003}
}
@inproceedings{Tsochantaridis2004,
	author = {Tsochantaridis, Ioannis and Hofmann, Thomas and Joachims, Thorsten and Altun, Yasemin},
	booktitle = {Proceedings of the ACM International Conference on Machine Learning},
%	pages = {104--111},
	title = {{Support Vector Machine Learning for Interdependent and Structured Output Spaces}},
	year = {2004}
}
@article{Tsochantaridis2005,
	author = {Tsochantaridis, Ioannis and Joachims, Thorsten and Hofmann, Thomas and Altun, Yasemin},
%  	issn = {1532-4435},
	journal = {The Journal of Machine Learning Research},
	pages = {1453--1484},
	publisher = {MIT Press},
	title = {{Large Margin Methods for Structured and Interdependent Output Variables}},
	volume = {6},
	year = {2005}
}
@article{Joachims2009,
	author = {Joachims, Thorsten and Finley, Thomas and Yu, Chun-Nam John},
	journal = {Springer Machine Learning Journal},
	number = {1},
	pages = {27--59},
%	publisher = {Springer},
	title = {{Cutting-plane Training of Structural SVMs}},
	volume = {77},
	year = {2009}
}
@book{Manchel1990,
%	address = {London and Toronto},
	author = {Manchel, Frank},
	pages = {2847},
	publisher = {Fairleigh Dickinson University Press},
	title = {{Film Study: An Analytical Bibliography}},
	year = {1990}
}
@book{Bowen2013,
	author = {Bowen, Christopher J. and Thompson, Roy},
	pages = {388},
	publisher = {Focal Press},
	title = {{Grammar of the Shot}},
	year = {2013}
}
@book{Ward2003,
	author = {Ward, Peter},
	edition = {2},
	pages = {261},
	publisher = {Focal Press},
	title = {{Picture Composition for Film and Television}},
	year = {2003}
}
%---------------- Background -----------------------------
@incollection{DeCicco2010,
author = {{De Cicco}, Luca and Mascolo, Saverio},
booktitle = {{Proceedings of the International Conference on HCI in Work and Learning, Life and Leisure: Workgroup Human-computer Interaction and Usability Engineering}},
%pages = {447--464},
%publisher = {Springer},
title = {{An Experimental Investigation of the Akamai Adaptive Video Streaming}},
year = {2010}
}
@incollection{Papadimitriou2007,
author = {Papadimitriou, Panagiotis and Tsaoussidis, Vassilis},
booktitle = {Proceedings of the International Conference on Wired/Wireless Internet Communications},
%publisher = {Springer},
title = {{A Quality Adaptation Scheme for Internet Video Streams}},
year = {2007}
}

@article{Wien2007,
author = {Wien, Mathias and Cazoulat, Renaud and Graffunder, Andreas and Hutter, Andreas and Amon, Peter},
journal = {IEEE Transactions on Circuits and Systems for Video Technology},
number = {9},
pages = {1227--1237},
title = {{Real-Time System for Adaptive Video Streaming Based on SVC}},
volume = {17},
year = {2007}
}

@misc{Sandvine2016,
	author = {{Sandvine Inc.}},
	booktitle = {Global Internet Phenomena Report},
	pages = {19},
	title = {{Global Internet Phenomena Report June 2016: Latin America and North America}},
	url = {https://www.sandvine.com/trends/global-internet-phenomena/},
	urldate = {2016-09-06},
	year = {2016}
}
@inproceedings{Thomas2016,
	author = {Thomas, Emmanuel and van Deventer, Mariska and Stockhammer, Thomas and Begen, Ali C. and Champel, Mary-Luc and Oyman, Ozgur},
	booktitle = {Proceedings of the IET International Broadcasters Conference (IBC)},
%	pages = {22--30},
%	publisher = {IET Digital Library},
	title = {{Applications and Deployments of Server and Network Assisted DASH (SAND)}},
	year = {2016}
}
@inproceedings{Mukherjee2013,
	author = {Mukherjee, Debargha and Bankoski, Jim and Grange, Adrian and Han, Jingning and Koleszar, John and Wilkins, Paul and Xu, Yaowu and Bultje, Ronald},
	booktitle = {Proceedings of the IEEE Picture Coding Symposium},
%	pages = {390--393},
%	publisher = {IEEE},
	title = {{The Latest Open-source Video Codec VP9 - An Overview and Preliminary Results}},
	year = {2013}
}
@inproceedings{Feller2011,
	author = {Feller, Christian and Wuenschmann, Juergen and Roll, Thorsten and Rothermel, Albrecht},
	booktitle = {Proceedings of the IEEE International Conference on Consumer Electronics},
%	pages = {57--61},
%	publisher = {IEEE},
	title = {{The VP8 Video Codec - Overview and Comparison to H.264/AVC}},
	year = {2011}
}
@article{Setton2008,
	author = {Setton, Eric and Baccichet, Pierpaolo and Girod, Bernd},
	journal = {Proceedings of the IEEE},
	number = {1},
	pages = {25--38},
	title = {{Peer-to-Peer Live Multicast: A Video Perspective}},
	volume = {96},
	year = {2008}
}
@ARTICLE{Boyce2016, 
	author={Jill M. Boyce and Yan Ye and Jianle Chen and Adarsh K. Ramasubramonian}, 
	journal={IEEE Transactions on Circuits and Systems for Video Technology}, 
	title={Overview of SHVC: Scalable Extensions of the High Efficiency Video Coding Standard}, 
	year={2016}, 
	volume={26}, 
	number={1}, 
	pages={20-34}, 

}
@article{Liu2008,
	author = {Liu, Yong and Guo, Yang and Liang, Chao},
	journal = {Springer Peer-to-Peer Networking and Applications},
	number = {1},
	pages = {18--28},
%	publisher = {Springer},
	title = {{A Survey on Peer-to-peer Video Streaming Systems}},
	volume = {1},
	year = {2008}
}
@misc{SmoothStreaming2016,
	author = {{Microsoft Corporation}},
	title = {{Smooth Streaming Protocol}},
	year = {2016},
	url = {https://msdn.microsoft.com/en-us/library/ff469518.aspx},
	pages = {64},
	urldate = {2016-09-06}
}
@article{Seufert2015,
	author = {Seufert, Michael and Egger, Sebastian and Slanina, Martin and Zinner, Thomas and Hossfeld, Tobias and Tran-Gia, Phuoc},
	journal = {IEEE Communications Surveys {\&} Tutorials},
	number = {1},
	pages = {469--492},
	title = {{A Survey on Quality of Experience of HTTP Adaptive Streaming}},
	volume = {17},
	year = {2015}
}

@inproceedings{Wichtlhuber2014,
	author = {Wichtlhuber, Matthias and Richerzhagen, Bj{\"o}rn and R{\"u}ckert, Julius and Hausheer, David},
	booktitle = {Proceedings of the IFIP Networking Conference},
%	pages = {9},
	title = {{TRANSIT: Supporting Transitions in Peer-to-Peer Live Video Streaming}},
	year = {2014}
}
@article{Fiandrotti2010,
	author = {Fiandrotti, Attilio and Gallucci, Dario and Masala, Enrico and {De Martin}, Juan C.},
	journal = {Elsevier Signal Processing: Image Communication},
%	publisher = {Elsevier Science Inc.},
	pages ={438-449},
	volume = {25},
	number = {6},
	title = {{Content-adaptive Traffic Prioritization of Spatio-temporal Scalable Video for Robust Communications over QoS-provisioned 802.11e Networks}},
	year = {2010}
}
@phdthesis{Abboud2012,
	author = {Abboud, Osama},
	editor = {Steinmetz, Ralf and Effelsberg, Wolfgang},
	school = {Technische Universit{\"{a}}t Darmstadt},
	title = {{Quality Adaptation In Peer-to-Peer Video Streaming: Supporting Heterogeneity and Enhancing Performance using Scalable Video Coding}},
	type = {Ph.D. Thesis},
	pages = {161},
	year = {2012}
}
@inproceedings{Wichtlhuber2015,
	author = {Wichtlhuber, Matthias and Julius, R{\"{u}}ckert and Winter, David and Hausheer, David},
	booktitle = {Proceedings of the IFIP/IEEE Integrated Network Management Symposium},
	title = {{How to Adapt: SVC-based Quality Adaptation for Hybrid Peercasting Systems}},
	year = {2015}
}
@book{Bowen2013b,
	title={{Grammar of the Edit}},
	author={Bowen, Christopher J. and Thompson, Roy},
	year={2013},
	pages = {270},
	publisher={Focal Press}
}

@book{Zettl2016,
	title={Sight, Sound, Motion: Applied Media Aesthetics},
	author={Zettl, Herbert},
	year={2016},
	publisher={Wadsworth Publishing},
	pages = {464}
}

@book{Proferes2005,
	author = {Proferes, Nicholas T.},
	pages = {277},
	publisher = {Focal Press},
	title = {{Film Directing Fundamentals: See your Film before Shooting}},
	year = {2005}
}
@inproceedings{Pozzer2009,
	author = {Pozzer, Cesar T. and Ornellas, Marcos C. and Brazil, Santa Maria and Ciarlini, Angelo E. M. and Feij{\'{o}}, Bruno and Furtado, Antonio L.},
	booktitle = {Proceedings of the ACM International Conference on Advances in Computer Enterntainment Technology},
%	pages = {263--270},
	title = {{Virtual Cinematography Director for Interactive Storytelling}},
	year = {2009}
}
@phdthesis{Lampi2010,
	author = {Lampi, Fleming Helge},
	booktitle = {Disseration},
	pages = {229},
	school = {University of Mannheim},
	title = {{Automatic Lecture Recording}},
	editor = {Effelsberg, Wolfgang and Steinmetz, Ralf},
	type = {Ph.D. Thesis},
	year = {2010}
}
@article{Wang2008,
	author = {Wang, Jinjun and Xu, Changsheng and Chng, Engsiong and Lu, Hanqing and Tian, Qi},
	journal = {Springer Multimedia Systems Journal},
	number = {4},
	pages = {179--193},
%	publisher = {Springer},
	title = {{Automatic Composition of Broadcast Sports Video}},
	volume = {14},
	year = {2008}
}
@article{Jang2016,
	author = {Jang, Soobeom and Lee, Jong-Seok},
	journal = {IEEE Transactions on Multimedia},
	number = {9},
	pages = {1808--1818},
	title = {{On Evaluating Perceptual Quality of Online User-Generated Videos}},
	volume = {18},
	year = {2016}
}
@article{Roininen2016,
	author = {Roininen, Mikko J. and Lepp{\"{a}}nen, Jussi and Eronen, Antti J. and Curcio, Igor D. D. and Gabbouj, Moncef},
	journal = {Springer Multimedia Tools and Applications},
	pages = {25},
	title = {{Modeling the Timing of Cuts in Automatic Editing of Concert Videos}},
	year = {2016}
}
@inproceedings{Freeman2014,
	author = {Freeman, Dustin and Santosa, Stephanie and Chevalier, Fanny and Balakrishnan, Ravin and Singh, Karan},
	booktitle = {{Proceedings of the ACM International Conference on Computer Human Interaction}},
%	pages = {1207--1216},
	title = {{LACES: Live Authoring through Compositing and Editing of Streaming Video}},
	year = {2014}
}
@inproceedings{Vihavainen2011,
	author = {Vihavainen, Sami and Mate, Sujeet and Sepp{\"{a}}l{\"{a}}, Lassi and Cricri, Francesco and Curcio, Igor D.D.},
	booktitle = {Proceedings of the ACM International Conference on Human Factors in Computing Systems},
%	pages = {287--296},
	title = {{We want more: Human-Computer Collaboration in Mobile Social Video Remixing of Music Concerts}},
	year = {2011}
}
@inproceedings{Garcia2010,
	author = {Garcia, Miguel and Raake, Alexander},
	booktitle = {Proceedings of the IEEE International Conference on Information Science, Signal Processing and their Applications},
%	pages = {349--352},
%	publisher = {IEEE},
	title = {{Parametric Packet-layer Video Quality Model for IPTV}},
	year = {2010}
}
@inproceedings{Zsombori2011,
	author = {Zsombori, Vilmos and Frantzis, Michael and Guimaraes, Rodrigo Laiola and Ursu, Marian Florin and Cesar, Pablo and Kegel, Ian and Craigie, Roland and Bulterman, Dick},
	booktitle = {Proceedings of the ACM Conference on Hypertext and Hypermedia},
	title = {{Automatic Generation of Video Narratives from Shared UGC}},
	year = {2011}
}
@techreport{3GPP,
	author = {3GPP},
	title = {{TR 22.947 - Technical Specification Group Services and System Aspects: Study on Personal Broadcast Service (PBS)
	 (Release 13)}},
	url = {http://www.3gpp.org/DynaReport/22947.htm},
	urldate = {2016-09-29}	
}
@inproceedings{Shah2016,
	author = {Shah, Rajiv Ratn and Hefeeda, Mohamed and Zimmermann, Roger and Harras, Khaled and Hsu, Cheng-Hsin and Yu, Yi},
	booktitle = {Proceedings of the International Multimedia Modeling Conference}, 
%	editor = {Tian, Qi and Sebe, Nicu and Qi, Guo-Jun and Huet, Benoit and Hong, Richang and Liu, Xueliang},
%	volume = {9516},
%	pages = {100--113},
%	publisher = {Springer},
	title = {{NEWSMAN: Uploading Videos over Adaptive Middleboxes to News Servers in Weak Network Infrastructures}},
	year = {2016}
}


@article{Zhang2008,
	author = {Zhang, Mu and Wong, Johnny and Tavanapong, Wallapak and Oh, JungHwan and de Groen, Piet},
	journal = {Springer Multimedia Tools and Applications},
	number = {1},
	pages = {51--74},
	title = {{Deadline-constrained Media Uploading Systems}},
	volume = {38},
	year = {2008}
}
@article{MinQin2010,
	author = {Qin, Min and Zimmermann, Roger},
	journal = {IEEE Transactions on Multimedia},
	number = {4},
	pages = {317--329},
	title = {{An Adaptive Strategy for Mobile Ad Hoc Media Streaming}},
	volume = {12},
	year = {2010}
}
@article{Siekkinen2016,
	author = {Siekkinen, Matti and Masala, Enrico and Nurminen, Jukka},
	journal = {IEEE Transactions on Mobile Computing (accepted for publication)},
	pages = {14},
%	publisher = {IEEE},
	title = {{Optimized Upload Strategies for Live Scalable Video Transmission from Mobile Devices}},
	year = {2016}
}
@article{Seshadri2015,
	author = {Seshadri P. Venkatagiri and Mun C. Chan and Wei T. Ooi and Jia H. Chiam},
	journal = {IEEE Sensors Journal},
	number = {5},
	pages = {2632--2642},
	title = {{On Demand Retrieval of CrowdSourced Mobile Video}},
	volume = {15},
	year = {2015}
}
@inproceedings{Richerzhagen2016,
	author = {Richerzhagen, Bj{\"{o}}rn and Wulfheide, Julian and Koeppl, Heinz and Mauthe, Andreas and Nahrstedt, Klara and Steinmetz, Ralf},
	booktitle = {Proceedings of the IEEE International Symposium on a World of Wireless, Mobile and Multimedia Networks},
	title = {{Enabling Crowdsourced Live Event Coverage with Adaptive Collaborative Upload Strategies}},
	year = {2016}
}
@techreport{Dialogic2009,
	author = {{Dialogic Corporation}},
	title = {{Quality of Experience for Mobile Video Users}},
	url = {http://www.sintel.com/bibli/telechargement/248/document_Multi.pdf},
	urldate = {2016-09-16},
	year = {2009}
}
@inproceedings{TaoLiu2010,
	author = {Tao Liu and Bloom, Jeffrey},
	booktitle = {{Proceedings of the IEEE International Symposium on Intelligent Signal Processing and Communication Systems}},
	title = {{On Quality Assessment in the Delivery of Mobile Video}},
	year = {2010}
}
@inproceedings{Altman2000,
	author = {Altman, Eitan and Avrachenkov, Konstantin and Barakat, Chadi and Altman, Eitan and Avrachenkov, Konstantin and Barakat, Chadi},
	booktitle = {Proceedings of the ACM SIGMETRICS International Conference on Measurement and Modeling of Computer Systems},
%	number = {1},
%	pages = {124--133},
	title = {{TCP in Presence of Bursty Losses}},
%	volume = {28},
	year = {2000}
}

@article{Winkler2008,
	author = {Winkler, Stefan and Mohandas, Praveen},
	journal = {IEEE Transactions on Broadcasting},
	number = {3},
	pages = {660--668},
	title = {{The Evolution of Video Quality Measurement: From PSNR to Hybrid Metrics}},
	volume = {54},
	year = {2008}
}
@inproceedings{Winkler2009,
	author = {Winkler, Stefan},
	booktitle = {Proceedings of the IEEE International Conference on Information, Communications and Signal Processing},
%	publisher = {IEEE},
	title = {{Video Quality Measurement Standards - Current Status and Trends}},
	year = {2009}
}
@article{Suarez2016,
	author = {Su{\'{a}}rez, Francisco J. and Garc{\'{i}}a, Andr{\'{e}}s and Granda, Juan C. and Garc{\'{i}}a, Daniel F. and Nu{\~{n}}o, Pelayo},
	journal = {Springer Journal of Network and Systems Management},
	number = {1},
	pages = {116--139},
%	publisher = {Springer US},
	title = {{Assessing the QoE in Video Services Over Lossy Networks}},
	volume = {24},
	year = {2016}
}
@inproceedings{Singh2014,
	author = {Singh, Ranjit and Aggarwal, Naveen},
	booktitle = {Proceedings of the IEEE Recent Advances in Engineering and Computational Sciences},
%	pages = {1--6},
%	publisher = {IEEE},
	title = {{State of the Art and Research Issues in Video Quality Assessment}},
	year = {2014}
}
@article{Karpenko2011,
	title={{Digital Video Stabilization and Rolling Shutter Correction using Gyroscopes}},
	author={Karpenko, Alexandre and Jacobs, David and Baek, Jongmin and Levoy, Marc},
	journal={{Computer Science Technical Report of Stanford University 2011-03}},
	volume={1},
	pages={7},
	year={2011}
}
@inproceedings{Shin2011,
	author = {Shin, Sung-Hun and Yeo, Jong-Yun and Ji, Sang-Hoon and Jeong, Gu-Min},
	booktitle = {Proceedings of the IEEE International Conference on ICT Convergence},
%	pages = {772--773},
%	publisher = {IEEE},
	title = {{An Analysis of Vibration Sensors for Smartphone Applications using Camera}},
	year = {2011}
}
@misc{Qualinet2013,
	TITLE = {{Qualinet White Paper on Definitions of Quality of Experience}},
	AUTHOR = {Brunnstr{\"o}m, Kjell and Beker, Sergio Ariel and De Moor, Katrien and Dooms, Ann and Egger, Sebastien and Garcia, Marie-Neige and Hossfeld, Tobias and Jumisko-Pyykk{\"o}, Satu and Keimel, Christian and Larabi, Mohamed-Chaker and Lawlor, Bob and Le Callet, Patrick and M{\"o}ller, Sebastian and Pereira, Fernando and Pereira, Manuela and Perkis, Andrew and Pibernik, Jesenka and Pinheiro, Antonio and Raake, Alexander and Reichl, Peter and Reiter, Ulrich and Schatz, Raimund and Schelkens, Peter and Skorin-Kapov, Lea and Strohmeier, Dominik and Timmerer, Christian and Varela, Martin and Wechsung, Ina and You, Junyong and Zgank, Andrej},
	URL = {https://hal.archives-ouvertes.fr/hal-00977812},
	urldate = {2016-09-29},
	YEAR = {2013},
}
@article{Hossfeld2016,
	author = {Hossfeld, Tobias and Heegaard, Poul E. and Varela, Mart{\'{i}}n and M{\"{o}}ller, Sebastian},
	journal = {{Springer Quality and User Experience}},
	pages = {23},
	number = {2},
%	publisher = {Springer International Publishing},
	title = {{QoE beyond the MOS: an In-depth Look at QoE via Better Metrics and their Relation to MOS}},
	volume = {1},
	year = {2016}
}
@inproceedings{Uehara2004,
	author = {Uehara, Kuniaki and Amano, Miki and Ariki, Yasuo and Kumano, Masahito},
	booktitle = {Proceedings of the IEEE International Conference on Multimedia and Expo},
%	pages = {583--586},
	title = {{Video Shooting Navigation System by Real-time useful Shot Discrimination based on Video Grammar}},
	year = {2004}
}
@inproceedings{Dong-JunLan2003,
	author = {Dong-Jun Lan and Yu-Fei Ma and Hong-Jiang Zhang},
	booktitle = {Proceedings of the IEEE International Conference on Multimedia and Expo},
%	pages = {469--473},
%	publisher = {IEEE},
	title = {{A Novel Motion-based Representation for Video Mining}},
	year = {2003}
}
@inproceedings{Liu2014,
	author = {Liu, Yulong and Liu, Huaping and Liu, Yunhui and Sun, Fuchun},
	booktitle = {Proceedings of the IEEE International Joint Conference on Neural Networks},
	%pages = {3909--3915},
	title = {{User-generated-video Summarization using Sparse Modelling}},
	year = {2014}
}

@article{Cricri2014b,
author = {Cricri, Francesco and Dabov, Kostadin and Curcio, Igor D. D. and Mate, Sujeet and Gabbouj, Moncef},
journal = {Springer Multimedia Tools and Applications},
number = {1},
pages = {119--158},
title = {{Multimodal Extraction of Events and of Information about the Recording Activity in User Generated Videos}},
volume = {70},
year = {2012}
}
@article{Yu2007,
author = {Yu, Hsing-Cheng and Liu, Tuong S.},
journal = {Physica Status Solidi: Current Topics in Solid State Physics},
number = {12},
pages = {4647--4650},
publisher = {WILEY},
title = {{Design of a Slim Optical Image Stabilization Actuator for Mobile Phone Cameras}},
volume = {4},
year = {2007}
}
@inproceedings{Nguyen2001,
  title={Occlusion Robust Adaptive Template Tracking},
  author={Nguyen, Hieu Tat and Worring, Marcel and Van Den Boomgaard, Rein},
  booktitle={Proceedings of the IEEE International Conference on Computer Vision},
%  pages={678--683},
  year={2001},
}
@inbook{Koller1994,
	author = {Koller, Dieter and Weber, Joseph and Malik, Jitendra},
	booktitle = {Proceedings of the European Conference on Computer Vision},
%	editor = {Eklundh, Jan-Olof},
%	pages = {189--196},
	publisher = {Springer},
	title = {{Robust Multiple Car Tracking with Occlusion Reasoning}},
	year = {1994}
}
@article{Liu2003,
	author = {Liu, Jiangchuan and Li, Bo and Zhang, Ya-Qin},
	journal = {IEEE Multimedia},
	number = {1},
	pages = {22--33},
	title = {{Adaptive Video Multicast over the Internet}},
	volume = {10},
	year = {2003}
}
@book{tanenbaum2003computer,
	title={Computer Networks},
	author={Tanenbaum, Andrew S.},
	pages = {933},
	year={2003},
	publisher={Prentice Hall}
}
@article{Astely2009,
	author = {Astely, David and Dahlman, Erik and Furuskar, Anders and Jading, Ylva and Lindstrom, Magnus and Parkvall, Stefan},
	journal = {IEEE Communications Magazine},
	number = {4},
	pages = {44--51},
	title = {{LTE: the Evolution of Mobile Broadband}},
	volume = {47},
	year = {2009}
}
@inproceedings{Ay2008,
	author = {Ay, Sakire Arslan and Zimmermann, Roger and Kim, Seon Ho},
	booktitle = {Proceedings of the ACM International Conference on Multimedia},
%	pages = {309--318},
	title = {{Viewable Scene Modeling for Geospatial Video Search}},
	year = {2008}
}
@TechReport{Rabin10,
	author      = "Jo Rabin",
	title       = "Guidelines for Web Content Transformation Proxies 1.0",
	url        = "http://www.w3.org/TR/2010/NOTE-ct-guidelines-20101026/",
	urldate 	= "2016-09-10",
	year        = "2010",
	bibsource   = "http://w2.syronex.com/jmr/w3c-biblio",
	type        = "W3C Note",
	institution = "W3C",
}
@inproceedings{Siekkinen2016b,
	author = {Siekkinen, Matti and Masala, Enrico and K{\"{a}}m{\"{a}}r{\"{a}}inen, Teemu},
	title = {{Anatomy of a Mobile Live Streaming Service: the Case of Periscope}},
	booktitle = {International Conference on ACM Internet Measurement Conference},
	year = {2016}
}
@misc{Cisco2016,
	author={Cisco Systems Inc.},
	title={Cisco Visual Networking Index 2015-2020},
	url = {http://www.cisco.com/c/en/us/solutions/service-provider/visual-networking-index-vni/index.html},
	urldate = {2016-09-20},
	year={2016}
}
@book{Kandel2013,
	title={{Principles of Neural Science}},
	author={Kandel, Eric and Schwartz, James},
	series={Principles of Neural Science},
	year={2013},
	publisher={McGraw-Hill Education},
	pages ={1709}
}
@article{Lee2011,
	author = {Lee, Jong-Seok and {De Simone}, Francesca and Ebrahimi, Touradj},
	journal = {IEEE Transactions on Multimedia},
	number = {5},
	pages = {882--893},
	title = {{Subjective Quality Evaluation via Paired Comparison: Application to Scalable Video Coding}},
	volume = {13},
	year = {2011}
}
@inproceedings{Chen2015,
	author = {Chen, Fei and Zhang, Cong and Wang, Feng and Liu, Jiangchuan},
	booktitle = {{Proceedings of the IEEE International Conference on Computer Communications}},
%	pages = {1--9},
	title = {{Crowdsourced Live Streaming over the Cloud}},
	year = {2015}
}
@inproceedings{Kroupi2014,
	author = {Kroupi, Eleni and Hanhart, Philippe and Lee, Jong-Seok and Rerabek, Martin and Ebrahimi, Touradj},
	booktitle = {Proceedings of the IEEE European Signal Processing Conference},
%	pages = {2135--2139},
	title = {{EEG Correlates during Video Quality Perception}},
	year = {2014}
}
@incollection{Luo2008,
	author = {Luo, Yiwen and Tang, Xiaoou},
	booktitle = {Proceedings of the European Conference on Computer Vision},
	%pages = {386--399},
	publisher = {Springer},
	title = {{Photo and Video Quality Evaluation: Focusing on the Subject}},
	year = {2008}
}
@article{Scholler2012,
	author = {Scholler, Simon and Bosse, Sebastian and Treder, Matthias Sebastian and Blankertz, Benjamin and Curio, Gabriel and M{\"u}ller, Klaus-Robert and Wiegand, Thomas},
%	issn = {1057-7149},
	journal = {IEEE Transactions on Image Processing},
	number = {5},
	pages = {2619--2629},
	title = {{Toward a Direct Measure of Video Quality Perception Using EEG}},
	volume = {21},
	year = {2012}
}
@inproceedings{Niraula2009,
	author = {Niraula, Nobal B. and Kanchanasut, Kanchana and Laouiti, Anis},
	title = {Peer-to-peer Live Video Streaming over Mobile Ad Hoc Network},
	booktitle = {{Proceedings of the ACM International Conference on Wireless Communications and Mobile Computing}},
	year = {2009},
%	pages = {1045--1050},
} 
@inproceedings{Keelan2003,
	author = {Keelan, Brian W. and Urabe, Hitoshi},
	booktitle = {Proceedings of the SPIE: Image Quality and System Performance},
%	editor = {Miyake, Yoichi and Rasmussen, D. Rene},
%	pages = {181--189},
	title = {{ISO 20462: a Psychophysical Image Quality Measurement Standard}},
	year = {2003}
}
@inproceedings{Stohr2016b,
 author = {Stohr, Denny and Fr\"{o}mmgen, Alexander and Fornoff, Jan and Zink, Michael and Buchmann, Alejandro and Effelsberg, Wolfgang},
 title = {QoE Analysis of DASH Cross-Layer Dependencies by Extensive Network Emulation},
 booktitle = {Proceedings of the ACM Workshop on QoE-based Analysis and Management of Data Communication Networks},
 year = {2016},
% pages = {25--30},
} 
@inproceedings{DeSimone2010,
	author = {{De Simone}, Francesca and Tagliasacchi, Marco and Naccari, Matteo and Tubaro, Stefano and Ebrahimi, Touradj},
	booktitle = {Proceedings of the IEEE International Conference on Acoustics, Speech and Signal Processing},
%	pages = {2430--2433},
%	publisher = {IEEE},
	title = {{A H.264/AVC Video Database for the Evaluation of Quality Metrics}},
	year = {2010}
}
@inproceedings{Gross2012,
	author = {Gross, Christian and Stingl, Dominik and Richerzhagen, Bj{\"o}rn and Hemel, Andreas and Steinmetz, Ralf and Hausheer, David},
	booktitle = {Proceedings of the IEEE International Conference on Peer-to-Peer Computing},
%	pages = {25--36},
	title = {{Geodemlia: A Robust Peer-to-peer Overlay Supporting Location-based Search}},
	year = {2012}
}
@book{Winkler2005,
author = {Winkler, Stefan},
publisher = {Wiley},
pages = {175},
title = {{Digital Video Quality: Vision Models and Metrics}},
year = {2005}
}
@book{Stathaki2011,
	title={Image Fusion: Algorithms and Applications},
	author={Stathaki, Tania},
	pages={520},
	year={2011},
	publisher={Elsevier}
}
@incollection{Winkler2001,
	author = {Winkler, Stefan and Kunt, Murat and {van den Branden Lambrecht}, Christian J.},
	booktitle = {{Vision Models and Applications to Image and Video Processing}},
	chapter = {10},
	pages = {201--229},
	publisher = {Springer},
	title = {{Vision and Video: Models and Applications}},
	year = {2001}
}
@INPROCEEDINGS{Koenig2013, 
	author={Immanuel Koenig and Abdul Q. Memon and Klaus David}, 
	booktitle={Proceedings of the IEEE International Symposium on Wireless Communication Systems}, 
	title={{Energy Consumption of the Sensors of Smartphones}}, 
	year={2013}, 
%	pages={1-5}, 
}
@INPROCEEDINGS{Halvorsen2008, 
	author={Magnus Halvorsen and Thomas Plagemann and Matti Siekkinen}, 
	booktitle={Proceedings of the ICST International Mobile Multimedia Communications
	Conference}, 
	title={{Video Streaming Over MANETs: Reality or Fiction?}}, 
	year={2008}, 
	%	pages={1-5}, 
}
@article{Aitenbichler2007,
	author = {Aitenbichler, Erwin and Kangasharju, Jussi and M{\"{u}}hlh{\"{a}}user, Max},
	journal = {Elsevier Pervasive and Mobile Computing},
	number = {4},
	pages = {332--361},
	publisher = {Elsevier Science Publishers B. V.},
	title = {{MundoCore: A Light-weight Infrastructure for Pervasive Computing}},
	volume = {3},
	year = {2007}
}
@article{Ganiyu2012,
	author = {Ganiyu, Khairul Muzzammil and Anuar, Ammar and Ismail, Nurul Atiqah and Soo, Yewguan},
	journal = {American Journal of Applied Sciences},
	number = {12},
	pages = {2052--2057},
	title = {{Measuring Power Consumption for Image Processing on Android Smartphone}},
	volume = {9},
	year = {2012}
}
